2259 4050
371 333 534 395 amusan
554 338 722 397 Crurum-
971 297 1013 422 ‘ld

90 484 186 544 nebat.
231 482 349 544 Erat'ei
373 507 442 560 curn·
453 489 576 562 ¹Fulvia,
596 493 717 550 muliere
729 493 828 562 nobili,
841 492 933 550 'vetus
943 512 1010 552 con·

1 649 2 654 ἵ
91 579 230 636 suetudo:
260 581 388 637 cuicum
401 582 494 640 minus
508 596 607 660 gratus
620 595 707 656 esset,
722 587 789 662 quia
799 587 896 664 inopia
908 586 1011 644 ³minus

1 738 2 768 ,
91 673 189 748 largiri
214 682 335 747 poterat,
359 686 477 750 repente
501 679 628 754 glorians
654 680 757 737 ⁴maria
770 690 938 753 montesque
951 681 1011 756 pol-

1 773 3 822 ?
91 765 171 822 liceri
184 767 295 840 coepit3
317 767 420 824 minari
434 770 575 827 interdum
589 774 675 843 ferro,
695 774 751 830 nisi
764 775 899 831 ⁵obnoxia
912 773 1010 843 foret3

91 867 235 933 postremo
249 860 374 916 ferocius
389 863 509 938 agitare,
524 884 609 938 quam
623 868 722 924 solitus
736 878 807 925 erat.
849 869 887 924 At
898 867 1010 936 Fulvia,

1 963 3 974 ’
89 952 270 1008 ⁸insolentiae
286 953 366 1010 Curii
378 975 483 1012 caussa
497 959 623 1033 cognita,
637 961 695 1017 tale
706 962 866 1034 periculum
876 960 1009 1035 reipubli-

91 1063 143 1102 cae
154 1045 232 1101 haud
246 1049 389 1104 occultum
403 1051 502 1106 habuit
516 1073 524 1121 3
547 1053 608 1120 sed,
627 1054 749 1110 ⁷sublato
761 1064 890 1122 auctore,
902 1047 937 1110 de
953 1054 1009 1112 Ca·

1 1197 2 1207 ,
90 1133 188 1196 tilinae
204 1141 401 1214 conjuratione
416 1163 491 1216 quae
504 1164 616 1217 quoque
631 1147 717 1226 modo
729 1146 868 1214 audierat,
883 1147 1008 1220 complu-

1 1223 2 1260 3
90 1233 167 1290 ribus
181 1235 317 1316 narravit.
351 1235 397 1292 Ea
408 1255 454 1292 res
468 1237 605 1312 imprimis
616 1239 710 1294 studia
719 1239 865 1295 hominum
876 1240 1009 1296 accendit

90 1327 127 1384 ed
140 1331 320 1384 consulatum
330 1330 524 1386 mandandum
534 1331 587 1387 8Μ.
599 1333 695 1411 Tullio
706 1320 852 1389 Ciceroni.
874 1332 1007 1406 Namque

1 1409 2 1418 ἵ
90 1432 175 1479 autea
188 1422 336 1496 ‘'pleraque
351 1424 483 1479 nobilitas
498 1425 604 1480 invidia
619 1422 777 1493 aestuabat,
788 1438 817 1479 et
830 1426 910 1497 quasi
920 1426 1008 1504 pqllui

89 1517 269 1572 consulatum
283 1516 468 1585 ”credebant
483 1517 507 1572 si
519 1537 594 1585 eum,
606 1518 735 1590 quamvis
745 1516 891 1590 egregius,
902 1517 1008 1572 uhomo

1 1597 2 1652 l
91 1627 178 1665 novus
193 1609 312 1682 adeptus
327 1609 409 1665 foret.
453 1610 521 1678 Sed,
536 1611 584 1665 ubi
595 1609 755 1684 periculum
766 1608 890 1677 advenit,
901 1606 1008 1664 invidia

1 1756 2 1772 ,
89 1711 173 1776 atque
188 1702 323 1776 superbia
334 1703 509 1777 ¹²postsuere.

129 1795 234 1852 XXIV.
251 1796 371 1866 Iuluun,
386 1798 509 1854 comitiis
533 1799 648 1883 habitis,
677 1799 811 1855 consules
825 1799 1008 1855 declarantur

87 1889 131 1946 M.
147 1891 260 1947 Tullius
275 1901 303 1947 et
318 1890 354 1947 C.
370 1891 510 1971 Antonius
526 1914 533 1961 3
556 1881 630 1966 quod
645 1893 752 1949 factum
766 1893 857 1966 primo
871 1892 1006 1966 ¹³popula-

87 1985 128 2041 ris
141 1985 345 2059 conjurationis
357 1995 551 2042 concusserat.
588 1985 691 2059 Neque
701 1997 799 2042 tamen
810 1985 953 2041 Catilinae
965 1983 1006 2041 fu.

1 2094 2 2105 ¹
87 2097 136 2135 ror
149 2079 348 2136 minuebatur:
370 2080 421 2134 sed
436 2079 464 2133 in
476 2080 538 2133 dies
549 2080 632 2152 plura
646 2079 756 2152 agitare
768 2099 775 2145 ;
798 2097 879 2132 arma
892 2095 944 2150 per
951 2076 1006 2133 Ita-

86 2172 157 2227 liam
170 2171 421 2244 locis'opportunis
436 2190 538 2243 parare
555 2192 562 2239 3
585 2171 749 2243 pecuniam,
772 2188 825 2226 sua
839 2181 886 2226 aut
901 2170 1006 2228 amico-

85 2281 151 2319 rum
173 2262 229 2317 fide
258 2262 401 2317 ¹⁴sumtam
432 2271 569 2329 mutuam,
600 2262 759 2317 ¹⁵Faesulns
781 2264 819 2319 nd
847 2246 1007 2319 ¹⁶Manlium

85 2354 240 2429 quemdam
254 2364 377 2429 portare,
392 2354 439 2428 qui
460 2364 560 2427 postea
582 2355 736 2429 “princeps
750 2356 803 2412 fuit
815 2356 1007 2413 bellifaciun-

86 2449 126 2505 di.
168 2448 217 2505 Ea
238 2456 407 2523 tempestate
433 2447 570 2521 plurimos
591 2448 729 2522 cujusque
746 2449 863 2523 generis
877 2449 1007 2504 homines

1 2574 2 2583 κ
85 2541 266 2617 ¹⁸ausoivisse
287 2542 408 2610 dicitur3
438 2538 575 2595 mulieres
596 2540 684 2595 etiam
706 2540 821 2611 aliquot,
839 2540 944 2612 ¹⁰quae,
957 2541 1007 2597 ubi

86 2646 168 2694 aetas
190 2636 384 2703 tantummodo
406 2632 547 2708 quaestui,
570 2651 663 2706 neque
683 2630 821 2700 luxuriae,
836 2631 952 2686 modum
966 2632 1005 2689 fe·

1 2782 2 2793 ,
87 2741 180 2799 cerat,
205 2732 261 2802 'aes
289 2729 414 2786 alienum
442 2728 551 2804 grande
580 2727 798 2783 conflaverant:
830 2742 882 2800 per
904 2742 956 2780 eas
974 2744 1007 2783 se

1 2842 2 2857 ¹
85 2824 215 2881 Catilina
236 2824 375 2879 credebat
396 2821 642 2898 possessleeruitia
655 2820 766 2877 urbana
778 2818 943 2889 sollicitare,
962 2837 1007 2877 ur·

1 2890 2 2909 l
84 2919 155 2975 bem
171 2918 338 2984 incendere,
353 2917 429 2972 viros
443 2900 544 2991 caiqun
558 2916 605 2973 vel
616 2915 774 2989 adjungere
789 2914 853 2983 sibi,
867 2914 913 2970 vel
922 2908 1007 2973 inter·

84 3011 189 3071 ficeret
403 3083 406 3089 Ι

115 3104 209 3163 XXV.
226 3106 288 3161 San
298 3105 328 3161 in
336 3104 382 3161 his
394 3113 455 3161 erat
463 3102 662 3178 ²¹Sempronia,
672 3120 746 3175 quae
755 3093 845 3159 multa
852 3120 940 3177 saepe
947 3102 1009 3160 ”vi

82 3199 149 3257 rilis
164 3199 306 3256 audaciae
321 3198 451 3255 facinora
465 3198 658 3255 commiserat.
686 3195 772 3252 Haec
785 3196 889 3255 mulier
902 3215 1009 3273 genere

82 3301 172 3368 atque
181 3294 285 3363 forma,
294 3300 446 3368 praeterea
458 3291 550 3359 ²lviro,
565 3290 665 3361 liberis
675 3289 745 3346 sati·
756 3290 915 3361 fortunatass
937 3292 1010 3348 litte-

81 3387 264 3446 risGraecis
275 3396 360 3459 atque
372 3385 484 3443 Latinis
501 3385 607 3454 docta3
628 3385 785 3459 “psallere
805 3386 911 3440 saltare
930 3381 1009 3438 ²⁵ele-

82 3468 215 3557 ganfls,
229 3470 317 3555 qiidm
329 3498 454 3537 necesse
468 3488 512 3536 est
525 3480 633 3557 probae
648 3499 657 3547 ;
677 3478 767 3537 multa
780 3477 848 3544 alia,
861 3493 935 3548 quae
949 3473 1013 3538 ”irs

194 3772 196 3777 '
223 3787 229 3814 t
