2259 4050
376 236 540 338 Sannusrrr
553 276 732 341 Jusunrns.
971 271 1029 349 ω’
1059 338 1077 364 ‚·
1120 347 1122 351 f

93 432 266 509 pictionibus
283 441 430 511 praesens
456 454 558 512 agere.
585 437 751 501 „Ceterum
778 439 903 511 interea,
930 445 1009 507 ¹lidei

94 545 200 615 caussa,
211 527 333 590 mittitur
343 546 362 584 a
372 530 491 587 consule
499 531 617 614 Sextius
627 543 763 606 quaestor
772 535 803 592 in
812 537 948 611 oppidum
957 539 977 596 J
979 558 1008 597 u-

93 623 207 700 gurthae
220 621 365 699 'Vagam
387 624 471 699 cujus
481 626 524 683 rei
534 628 652 702 species
664 638 731 686 erat
739 632 872 705 acceptio
882 632 1007 691 frumen·

93 716 118 786 ti,
129 717 201 791 quod
216 715 392 791 Calpur-nius
404 720 501 794 palam
511 721 621 798 legatis
634 722 830 798 imperaverat
841 746 849 796 ;
872 728 1008 801 quoniam
1056 767 1061 772 .
1084 708 1086 711 Ι

87 809 247 882 'deditionis
271 830 355 869 mora
375 812 511 873 induciae
536 816 731 893 agitabantur.
773 817 865 895 Igitur
887 840 949 892 rex,
964 824 1005 880 uti

40 937 44 945 -
93 906 280 977 constituerat,
293 906 325 963 iu
338 918 436 965 cauta
445 908 524 965 venit
538 930 547 979 3
569 929 605 967 ac
619 930 723 986 pauca,
738 911 900 988 ‘praesenti
911 918 1005 975 consi·
1075 890 1081 905 l

92 1001 132 1090 lio,
144 1002 258 1059 locutus
273 1001 310 1059 de
324 1002 439 1060 invidia·
446 1002 527 1073 sacti,
539 1009 627 1079 atque
636 1005 668 1061 in
678 1006 854 1081 deditionem
865 1010 916 1068 ⁵uti
928 1014 1005 1069 acci·

38 1125 44 1173 p
89 1097 206 1172 peretur,
230 1096 345 1170 reliqua
357 1097 540 1155 cum-Bestia
553 1109 583 1155 et
598 1099 711 1157 Scauro
724 1110 839 1185 aspreta
852 1106 983 1181 transigit
996 1128 1003 1162 :

36 1187 43 1266 j
88 1192 148 1249 dein
161 1201 277 1268 postero
290 1192 348 1262 die,
370 1192 465 1267 ⁶uultui
475 1211 529 1269 per
540 1202 668 1251 satanam
682 1194 833 1269 exquisitis
843 1200 1003 1268 sententiis

34 1269 40 1348 l
85 1287 111 1344 in
124 1287 300 1367 deditionem
310 1286 463 1363 accipitur.
486 1288 555 1358 Sed,
565 1289 609 1346 uti
617 1288 680 1365 ⁷pro
691 1290 811 1350 cunulis
822 1291 1002 1367 imperatum,

84 1384 224 1460 elephanti
234 1382 362 1459 triginta,
377 1400 467 1458 pecus
485 1392 572 1458 atqua
584 1385 650 1459 aqui
665 1386 756 1453 multi,
771 1404 837 1443 cum
852 1406 943 1462 parvo
957 1408 1002 1445 ar·
1081 1394 1084 1399 '

81 1479 159 1555 genti
173 1478 302 1555 pondere
321 1478 467 1551 quaestori
481 1479 645 1535 traduntur.
688 1478 864 1553 Calpurnius
879 1480 1002 1537 Ronram

24 1557 30 1653 f
79 1573 125 1631 ”ad
148 1573 334 1651 magistratus
360 1573 505 1649 rogandos
528 1573 731 1647 proficiscitur.
773 1571 808 1629 In
821 1566 960 1631 Numidia
974 1585 1002 1631 et

22 1671 24 1708 ff
75 1669 207 1727 exercitu
220 1676 319 1724 nostm
331 1686 389 1742 pax
402 1666 577 1743 agitabatur.
691 1678 694 1685 “

20 1769 21 1772 ’
113 1764 213 1834 XXX,
237 1763 405 1823 Puerum
427 1761 519 1818 resin
541 1760 645 1819 Africa
668 1772 777 1839 gestae,
792 1782 903 1839 quoque
917 1766 1001 1823 modo

17 1885 22 1960 j
72 1870 160 1916 actae
171 1858 275 1927 serent,
296 1857 376 1914 fama
389 1856 556 1934 divulgavit,
577 1856 688 1915 Romae
710 1844 763 1933 per
774 1860 962 1918 omnisloeos
972 1873 1001 1919 et

71 1963 235 2010 conventus
249 1953 286 2009 de
300 1952 378 2009 facto
388 1952 517 2009 consulis
530 1952 654 2029 agitari:
677 1936 752 2026 apud
767 1940 881 2028 plebem
902 1956 1000 2030 gravis

14 2106 17 2132 ι
71 2049 201 2107 invidia:
221 2049 334 2106 ⁰Patres
344 2049 537 2123 probarentne
551 2056 662 2103 tautum
675 2047 826 2122 flagitium,
846 2066 883 2103 an
898 2048 998 2105 decre-

70 2153 134 2201 tum
146 2143 275 2202 consulis
288 2145 498 2211 subverterent,
518 2159 621 2216 parum
636 2141 797 2197 constabat.
840 2142 885 2198 Ac
900 2161 998 2200 maxu.

72 2257 120 2294 me
135 2259 189 2297 eos
199 2237 328 2314 potentie
340 2237 455 2306 Scauri,
469 2236 545 2311 quod
568 2235 593 2292 is
600 2243 708 2293 auctor
721 2243 750 2292 et
764 2235 861 2293 socius
880 2235 997 2294 Bestiae

14 2348 15 2353 ¹
71 2331 231 2402 ferebatur,
254 2352 274 2389 a
289 2350 375 2409 ivero,
398 2330 475 2388 bono
490 2331 677 2406 impediebat.
719 2332 757 2388 At
781 2331 816 2387 C.
834 2331 997 2402 Memmiae,

15 2442 21 2509 t
72 2429 209 2504 cujusda
223 2427 360 2484 libertate
373 2425 485 2502 ingenii
502 2432 532 2480 et
545 2424 612 2481 odio
622 2425 766 2499 potentiae
780 2425 938 2482 nobilitatis
951 2445 997 2482 au.

44 2566 47 2572 -
74 2541 126 2596 pra
140 2520 275 2591 diximus,
285 2521 361 2578 inter
371 2519 578 2576 dubitationem
592 2526 621 2574 et
630 2536 726 2573 moras
736 2518 839 2585 senati,
851 2518 997 2576 concioni.

74 2617 127 2674 bus
141 2617 278 2693 populum
302 2615 339 2672 ad
360 2601 563 2671 vindicandum
584 2610 711 2669 hortari:
733 2629 861 2678 monere,
873 2629 910 2668 ue
922 2631 998 2668 rem.
1029 2644 1032 2653 κ

77 2713 231 2784 publicam,
240 2729 279 2767 ne
287 2710 448 2767 libertatem
459 2727 542 2765 suam
552 2707 740 2763 desererent:
761 2704 852 2762 multa
862 2708 996 2781 superba,
1038 2782 1043 2790 Ι

79 2807 205 2864 crudelia
218 2805 352 2862 facinora
363 2803 521 2862 nobilitatis
541 2801 714 2858 ostendere:
735 2815 852 2875 prorsus
873 2801 996 2860 intentus

78 2895 151 2957 omni
164 2901 251 2958 modo
265 2900 358 2974 plebis
372 2898 499 2956 animum
514 2896 704 2954 accendebat.
727 2895 796 2966 Sed,
811 2896 945 2970 quoniam
960 2917 996 2954 ea

79 3001 244 3070 tempestate
259 2992 411 3051 ¹0Memmii
425 2992 561 3052 facundia
575 2990 656 3047 clara
669 2991 838 3065 pollensque
863 2985 935 3060 suits
948 2992 996 3048 de-

80 3103 142 3165 cere
155 3087 339 3157 existumavi,
351 3106 441 3144 unam
454 3105 492 3144 ex
501 3095 562 3142 tam
572 3084 670 3142 multis
680 3077 839 3141 orationem
853 3083 997 3160 ¹¹perscri-

81 3179 161 3253 ber'o;
182 3181 242 3240 ¹²ac
261 3183 459 3257 potissumum,
487 3199 562 3256 quae
586 3175 616 3236 in
631 3179 782 3248 concione,
797 3188 860 3253 post
874 3180 996 3237 reditum

49 3298 52 3308 ·
81 3272 202 3347 Bestiae,
216 3277 416 3351 hujuscemodi
427 3277 524 3333 verbis
537 3275 684 3334 disseruit.

114 3369 221 3431 XXXI.
238 3379 257 3407 “
269 3371 383 3430 Munus
396 3371 583 3429 dehortantur
597 3389 616 3427 a
628 3367 718 3437 vobis,
741 3367 879 3434 Quirites,
893 3367 923 3422 ni
937 3375 994 3420 stu·

80 3461 153 3527 dium
165 3463 356 3550 ¹reipublicae
379 3465 478 3528 omnia
497 3473 636 3540 superet;
657 3479 729 3536 opes
742 3459 884 3526 setona
898 3463 995 3514 ΜΝ

32 889 38 920 l
