2259 4050
5 212 13 351 l
529 272 565 344 a

5 415 14 513 l
74 461 229 550 tiauum,
255 465 315 537 cui
342 465 479 560 primas
497 463 637 536 deferre
666 463 785 536 solent
813 462 937 557 quiin
960 463 1018 536 his
1086 507 1090 512 -

6 627 7 631 ¹
75 601 268 677 versantur
293 591 417 676 literis,
436 592 647 686 plerumque
672 584 827 661 exhibui.
877 589 917 660 ln
943 591 1019 684 qui-

74 724 291 812 buscunque
306 731 430 790 autem
440 719 532 790 locis
546 718 723 789 Cortiaua
735 717 791 790 vel
804 716 949 812 legendi
962 717 1017 788 vel

6 846 7 858 ’
74 845 338 939 interpretandi
362 845 456 916 ratio
474 845 665 916 durissima
682 845 845 928 visaest,
858 843 1020 938 linguae·

73 998 148 1066 que
166 971 322 1044 Latinae
348 973 459 1044 indoli
476 997 622 1066 prorsus
643 972 773 1058 aliena,
790 974 1018 1065 probatiores

5 1126 10 1159 ι
74 1123 120 1170 ex
148 1100 228 1170 aliis
246 1099 476 1184 editionibus
495 1100 692 1192 Bipoutiua
718 1112 756 1169 et
773 1100 1019 1170 Buruoufiaua
1052 1132 1059 1138 ·

5 1249 6 1314 g
74 1226 278 1322 presertim,
305 1237 342 1296 et
367 1225 544 1296 lectiones
563 1236 600 1295 et
629 1225 947 1318 interpretationes
964 1249 1020 1294 re·
1062 1229 1067 1234 ”

5 1328 16 1418 l
74 1354 215 1424 vocavi.
268 1352 413 1423 Cottius
432 1352 538 1436 enim,
556 1373 711 1445 magnus
737 1351 795 1422 ille
813 1353 876 1438 vir,
893 1381 1019 1448 quam-

73 1482 128 1552 vis
147 1479 393 1562 de‘SallustiO,
411 1479 442 1548 si
469 1479 549 1571 quis
580 1478 682 1567 alius,
701 1479 832 1550 eximie
857 1481 1018 1566 meritus,

7 1652 13 1711 ἑ
71 1629 333 1699 nonnunquam
375 1615 536 1675 attamen
572 1586 777 1696 corrigendi
819 1606 1018 1678 cacoethes

8 1774 13 1843 3
71 1739 111 1805 in
130 1757 169 1804 se
187 1721 322 1804 irruere
340 1732 485 1826 patitur,
504 1742 541 1801 et
558 1730 690 1802 oblitus
703 1731 776 1817 sui,
793 1733 1017 1828 melioraque

8 1852 13 1875 ¹
69 1862 253 1958 rejiciens,
271 1861 453 1931 deteriora
466 1859 633 1930 laudibus
646 1861 793 1933 extollit.
845 1861 1018 1934 Nonnun-

9 1972 14 2028 ἶ
70 2024 196 2096 quam,
206 1995 273 2069 viri
287 1981 478 2088 clarissimi
491 1989 603 2063 ductu
617 2000 727 2083 atque
742 1989 926 2083 auspiciis,
940 1987 1018 2066 Sal-

70 2128 201 2200 lustius
218 2126 309 2219 ipse,
327 2124 372 2195 sit
398 2122 505 2193 venia
529 2124 654 2206 verbe,
670 2146 799 2215 parum
816 2121 948 2197 Latine
965 2099 1017 2199 loss

69 2255 204 2351 quitur.
242 2245 469 2344 ‘Ubicunque
487 2249 596 2344 igitur
613 2250 686 2321 hoc
703 2255 831 2325 morbo
848 2254 1017 2327 laboran-

9 2361 13 2404 '
68 2395 150 2455 tem
165 2389 305 2449 textum
321 2376 451 2461 inveni,
469 2375 635 2470 impenso
661 2377 808 2448 annisus
825 2366 947 2451 sturlio
964 2382 1014 2454 uti

8 2475 14 2552 i
69 2508 121 2579 ad
151 2505 321 2600 pristinas
351 2505 445 2575 vires
478 2526 702 2586 revocarem,
728 2506 764 2575 iu
798 2508 1013 2598 quibusdam

7 2601 11 2633 ⁵
67 2634 164 2707 locis
181 2654 266 2704 vere
284 2630 372 2701 mihi
401 2629 538 2701 videor·
554 2628 664 2697 finem
693 2641 905 2722 exoptatum
934 2639 1017 2703 atn-

67 2761 184 2859 gisse,
200 2760 238 2829 in
261 2756 340 2829 aliis
358 2757 480 2828 forsan
502 2754 620 2825 minus
643 2777 819 2849 prospera
843 2780 930 2829 usus
947 2759 1017 2831 sor·

66 2904 173 2975 tuna,
190 2888 323 2983 quippe
341 2885 402 2979 qui
427 2883 524 2957 nulla
541 2858 752 2955 criticorum
768 2906 840 2979 ope
857 2887 905 2957 ad
922 2888 1016 2959 saui-

66 3028 189 3090 tatem
210 3014 388 3110 juventur.
429 2994 444 3045 ¹·
770 3016 775 3020 ’
1000 3014 1007 3017 ”

120 3208 389 3280 Annotationes
419 3200 694 3301 copiosissimas
725 3207 1015 3304 adelida-easque

65 3336 117 3435 ab
134 3332 210 3406 ima
216 3334 360 3430 ‘pagina
377 3334 425 3405 ad
439 3332 581 3407 calcem
593 3332 784 3407 voluminis
797 3335 991 3431 releganda
