2259 4050
831 174 845 201 Ο

76 334 80 338 ,
127 285 187 371 ab
228 337 231 341 A
432 277 798 339 earnemcarnem.

43 469 46 473 Δ
147 438 295 515 patientia,
303 438 352 513 jus
364 437 484 504 nullum,
499 454 534 492 ae
548 453 692 503 maxume,
718 433 796 507 quod
811 430 997 489 innocentiae
1010 428 1065 506 plus

148 527 279 608 periculi,
294 551 380 606 quarn
394 530 520 598 honoris,
531 538 586 585 este.
630 528 708 585 Nam
730 527 784 583 illa
807 526 928 600 quidem
942 510 1017 602 piget
1030 524 1065 580 di·
1111 544 1112 547 ¹

148 644 228 695 cere,
242 626 288 681 bis
302 625 386 680 annis
399 643 450 679 xv.
466 642 553 697 quam
567 621 690 704 lpdibrio
704 620 821 677 fueritis
840 620 995 695 superbiae
1008 636 1066 693 pau·

150 736 265 787 corum}
288 737 374 791 quam
387 717 483 785 foede,
508 734 652 793 quamque
676 714 756 771 inulti
773 715 919 789 perierint
932 712 1017 770 -vestri
1028 715 1067 767 de-

150 813 297 881 fensores3
320 812 361 867 ¹ut
374 812 581 881 vobisanimus
592 812 628 867 ab
639 808 859 886 ignavia—atque
872 806 1006 865 secordia
1015 822 1068 861 cor·

150 915 249 979 ruptus
258 905 303 974 sit,
318 905 366 979 qui
380 925 417 962 ne
432 924 510 961 nunc
520 905 646 979 quidem,
661 903 806 973 ²obnoxiis
820 903 959 973 inimicis,
983 916 1069 957 exsur·
1108 880 1112 972 i

150 1000 227 1076 gitis,
240 1008 327 1073 atque
339 1000 427 1057 etiam
440 1018 518 1062 nunc
532 998 650 1067 timetis,
665 998 767 1071 quibus
783 998 874 1057 decet
888 978 992 1054 terrori
1003 1011 1068 1050 csse.
1109 990 1110 1006 ³

152 1095 220 1164 Sed,
235 1114 410 1187 quamquam
424 1095 498 1151 baec
511 1093 584 1151 talia
598 1100 673 1161 sunt,
684 1100 782 1149 tamen
795 1092 916 1149 obviam
925 1091 968 1147 ire
980 1087 1070 1145 factio·
1111 1122 1112 1135 ,

56 1210 67 1215 ·
151 1190 197 1249 nie
211 1190 354 1263 potentiae
369 1190 484 1246 animus
498 1188 625 1263 subigit:
648 1196 728 1243 certe
743 1205 800 1262 ego
816 1188 993 1253 libertatem,
1007 1198 1069 1257 quae
1092 1220 1094 1223 -

152 1284 222 1339 mihi
237 1303 256 1339 a
265 1293 384 1356 parente
393 1283 499 1339 tradita
512 1292 557 1338 est
572 1282 708 1355 experiar
719 1302 725 1337 :
736 1300 852 1349 -verum
867 1282 896 1338 id
911 1281 1024 1346 frustra,
1041 1292 1070 1331 an

152 1378 188 1433 ob
202 1395 265 1431 rem
278 1376 395 1444 faciam,
418 1376 449 1431 in
462 1386 558 1432 vestra
572 1394 658 1431 manu
681 1374 776 1445 situm,
792 1376 937 1441 Quirites.
979 1372 1070 1444 Neque

151 1491 208 1548 ego
222 1470 419 1545 bortor,'quod
433 1487 521 1545 saepe
531 1470 662 1545 majores
678 1471 763 1526 vestri
787 1470 901 1540 secere,
926 1468 967 1526 uti
982 1473 1071 1524 contra

51 1564 54 1568 ’
151 1567 272 1641 injurias
299 1566 401 1623 armati
429 1566 513 1630 eatis.
555 1564 636 1623 Nihil
652 1565 689 1633 vi,
704 1564 773 1621 nibil
790 1564 977 1623 ³secessione
992 1576 1071 1637 opus:

152 1678 276 1717 necesse
289 1661 467 1717 est⁴su0met
480 1660 536 1735 ipsi
551 1679 631 1717 more
655 1660 834 1734 praecipites
852 1669 934 1717 eant.
978 1647 1072 1715 Occiso
1110 1726 1111 1729 Ἰ

154 1754 275 1811 Tiberio
283 1754 431 1822 Graccho,
441 1773 528 1827 quem
538 1772 662 1829 regnum
673 1760 777 1827 parare
788 1752 920 1824 aiebant,
930 1754 959 1830 in
968 1751 1070 1827 plebem
1109 1742 1112 1771 *³

153 1850 316 1905 Romanam
322 1848 516 1921 ⁵quaestiones
522 1848 640 1904 habitae
647 1856 728 1904 sunt:
741 1857 805 1922 post
816 1849 853 1907 C.
864 1846 994 1906 Gracchi
1003 1842 1071 1902 etM.
1111 1836 1112 1871 ³

153 1942 248 2000 Fulvii
257 1943 389 2011 caedem,
401 1942 470 1998 item
484 1941 566 1998 multi
581 1943 670 1999 vestri
684 1943 793 1999 ordinis
804 1944 834 1999 in
850 1962 972 2002 carcere
986 1934 1071 1997 necati
1107 1934 1112 1986 Ῑ

83 2102 85 2107 ,
153 2048 234 2098 eunt:
255 2039 413 2114 “utriusque
425 2039 517 2109 cladis
528 2058 586 2094 non
598 2039 655 2108 lex,
662 2057 763 2096 verum
772 2039 873 2097 lubido
885 2057 986 2097 eorum
995 2035 1072 2093 finem

153 2134 233 2192 fecit.
268 2134 339 2190 ⁷Sed
350 2153 421 2190 sane
433 2133 519 2190 suerit
532 2133 617 2210 regni
628 2133 753 2208 paratio,
763 2134 839 2208 plebi
854 2119 909 2190 sua
918 2127 1073 2191 restituere:

154 2227 291 2302 quidquid
306 2224 369 2283 sine
384 2228 526 2302 sanguine
541 2229 647 2284 civium
661 2227 764 2284 ulcisci
777 2229 929 2301 nequitur,
945 2229 1009 2304 jure
1023 2222 1073 2280 fac·

152 2333 214 2380 tum
227 2321 274 2377 sit.
318 2320 520 2394 Superioribus
539 2322 624 2376 annis
648 2322 728 2378 taciti
743 2321 985 2398 indignabamini,
1000 2325 1072 2376 aera·

154 2417 227 2472 rium
246 2414 383 2489 expilari3
405 2433 491 2495 reges
510 2424 540 2471 et
561 2417 682 2491 populos
696 2416 803 2473 liberos
817 2420 923 2491 paucis
937 2413 1070 2476 nobilibus
1111 2436 1112 2484 q

154 2510 279 2586 vectigal
293 2509 438 2584 pendere3
460 2528 551 2584 penes
564 2512 684 2568 eosdem
698 2520 727 2568 et
742 2511 897 2570 ⁸surnmam
906 2513 1036 2590 gloriam,
1046 2509 1069 2558 θῑ
1111 2497 1112 2572 Ῑ

146 2624 305 2687 pnaxumas
318 2604 433 2661 divitias
450 2624 535 2662 esse:
556 2614 656 2661 tamen
674 2607 749 2662 baec
766 2606 835 2662 talia
846 2606 979 2665 facinora
989 2605 1070 2674 impu·
1095 2614 1112 2658 “,

139 2719 191 2758 ine
201 2700 375 2773 suscepisse,
384 2718 486 2773 parum
497 2699 642 2756 habuerat
657 2699 753 2772 itaque
764 2711 908 2774 postremo
918 2703 1009 2778 legeS,
1018 2711 1070 2751 rna·
1111 2683 1112 2720 ³

55 2830 64 2838 s
150 2794 244 2866 jestas
255 2802 360 2859 vestra,
369 2791 739 2854 divinaetbumanaomnia
749 2795 879 2852 hostibus
889 2795 994 2853 tradita
1002 2791 1070 2852 sufli-
1111 2827 1112 2856 i

154 2886 259 2965 Neque
273 2904 334 2953 eos,
348 2884 397 2958 qui
410 2883 519 2953 fecere,
533 2887 622 2960 pudet
636 2897 684 2944 aut
699 2889 826 2963 poenitet
841 2910 848 2946 ι
870 2890 923 2946 sed
944 2883 1072 2955 incedunt

153 2980 218 3054 'per
227 2998 280 3035 ora
295 2988 391 3035 vestra
405 2980 573 3056 magnifice,
588 2983 754 3040 sacerdotia
768 2992 796 3040 et
811 2985 988 3050 consulatue,
1011 2987 1072 3052 pars

154 3073 314 3145 triumphos
336 3091 404 3130 suos
428 3074 626 3140 ”ostentantes
642 3097 649 3132 ε
672 3077 790 3151 perinde
802 3079 883 3150 quasi
898 3075 1009 3142 honori,
1022 3083 1072 3126 110n

156 3166 284 3240 praedae
299 3167 436 3225 habeant.
478 3169 562 3226 Servi
578 3188 646 3226 aero
670 3170 763 3244 parati
778 3170 899 3246 imperia
912 3171 1018 3245 injusta
1029 3161 1072 3218 do-

155 3259 297 3318 minorum
308 3281 365 3319 non
376 3262 544 3336 perferunt:
568 3282 627 3330 vos,
653 3263 791 3334 Quirites,
805 3265 928 3341 irnperio
942 3262 1011 3328 nati,
1031 3271 1074 3312 ¹²0·

156 3373 213 3428 quo
226 3355 503 3414 animo'servitutem
517 3357 658 3422 toleratis.
700 3359 800 3432 Atqui
814 3370 880 3418 sunt
894 3360 934 3426 bi,
944 3355 992 3431 qui
1004 3365 1080 3408 ΜΠ·-
1111 3363 1112 3368 ’

158 3449 302 3528 publicam
315 3450 521 3525 occupavere?
547 3450 680 3510 homines
694 3453 942 3522 sceleratissimi,
954 3438 1075 3508 eruentis
