2259 4050
559 265 596 337 vi

105 439 275 552 'bilisqua
291 468 329 530 et
347 458 504 529 tironum
522 455 602 526 usui
619 423 815 548 praecipue
835 450 1046 534 inserviens,

113 584 211 656 haud
227 583 341 654 multo
356 605 440 667 aere
459 580 629 653 studiosis
646 577 941 673 empturientibus
960 597 1046 646 con-

113 721 235 782 staret.
287 708 415 801 Neque
441 708 488 778 ad
509 706 718 777 Sallustium
743 704 933 787 edendum,
951 701 1058 800 absit¹

113 833 224 904 verbo
245 831 388 931 inuidia,
403 831 567 904 mihimet
579 828 649 923 ipsi
664 827 771 922 plane
788 826 922 919 hospes
940 847 1047 895 acce-

113 957 199 1062 dere
229 941 386 1061 videbar.
437 956 521 1026 Duo
547 955 657 1025 enim,
671 953 756 1023 anni
784 951 896 1023 ferme
926 951 1046 1020 exacti

113 1095 206 1168 sunt,
224 1108 317 1167 cum,
335 1084 496 1177 parentis
513 1083 570 1154 sui
586 1082 682 1152 curis
702 1080 924 1163 destitutam,
943 1055 1046 1176 (nam

113 1229 134 1276 e
151 1205 238 1275 vivis
253 1218 460 1276 excesserat
485 1206 537 1275 vir
544 1204 816 1335 ploctissimusQ
835 1228 918 1275 mea
936 1203 1047 1296 quali·

113 1353 254 1423 cunque
272 1328 612 1424 opsllaveditionem
637 1329 900 1400 Wilsonianam
917 1329 1047 1424 adjuvi,

114 1446 226 1548 atque¹
249 1454 286 1524 id
302 1454 414 1524 officii
438 1454 590 1524 reddere
608 1466 760 1524 conatus
780 1478 861 1525 sum
886 1455 984 1548 quod
1009 1431 1047 1526 et

112 1590 329 1671 praeceptor
347 1589 384 1648 et
402 1577 542 1648 amicus
565 1577 769 1670 postulavit.
820 1580 858 1648 Si
883 1580 1046 1654 utilitatis

110 1699 265 1770 fructum
291 1699 328 1768 hi
350 1701 550 1792 praebeant
566 1700 686 1792 igitur,
704 1703 831 1793 quibus
849 1727 943 1775 nunc
969 1728 1056 1797 per<

80 1925 82 1930 Ι
110 1826 253 1898 functus
280 1849 361 1898 sum
391 1825 585 1912 laboribus,
610 1834 832 1923 magnopere
857 1831 1047 1924 gaudeb03

111 1950 204 2027 votis
230 1951 396 2024 fruiturus
413 1950 629 2026 felicissimis
642 1947 686 2026 'si
715 1955 935 2029 eruditomm
956 1982 1049 2053 quo·

111 2100 181 2171 quo
198 2080 449 2153 demereantur
470 2080 652 2175 suffragia.
697 2158 702 2168 ¹

157 2330 413 2429 Praeceptoris
431 2355 565 2402 nomeu
584 2331 832 2402 dulcissimam
850 2335 916 2405 viri
946 2361 1051 2411 revo-

111 2457 207 2528 cavit
240 2459 463 2529 memoria'm.
514 2457 729 2551 Priusquam
752 2457 859 2553 igitur
888 2462 1048 2536 rationes

109 2587 229 2681 operis
243 2586 447 2681 diligentius
462 2602 616 2680 expone,
630 2585 815 2680 perplacet
828 2587 889 2659 illa
902 2588 1052 2673 addere,
1093 2660 1101 2671 ,
1128 2559 1129 2582 i

109 2734 204 2804 quae
231 2713 295 2780 viri
314 2708 534 2790 amicissimi,
551 2709 588 2778 in
605 2709 773 2781 editionis
799 2735 907 2805 supra
923 2683 1053 2785 lauda·
1127 2703 1128 2708 ¹

108 2845 171 2907 tae
186 2835 388 2932 prooemio,
406 2857 531 2905 manes
549 2835 756 2928 expiaturus
773 2838 981 2932 conscripsi.

157 3126 254 3143 --·-
272 3085 516 3179 Praeceptore
545 3109 630 3158 meo
655 3085 851 3160 venerabili
872 3088 957 3160 fatis
984 3094 1053 3163 ab·

105 3221 223 3305 10th
237 3210 467 3305 Sallustiique
482 3212 529 3282 ab
547 3212 608 3283 illo
622 3214 741 3287 ornati
757 3215 1052 3309 redemptoribus

106 3334 259 3409 librariis
277 3358 408 3409 novam
426 3336 623 3407 editionem
640 3340 708 3409 sub
724 3339 861 3432 prelum
872 3330 1054 3439 missurn,
