2259 4050
349 269 512 328 smum
531 232 709 329 susurrari
938 237 995 335 129

65 442 117 493 ue,
130 423 253 480 multum
264 431 295 480 ct
305 422 486 497 familiariter
496 414 621 503 agebat:
643 426 819 501 praemissus
838 426 874 483 ab
887 426 993 503 Jugur.
1049 400 1056 415 Ι

64 519 143 587 tha,
139 521 295 592 postquam
308 518 420 576 Sullam
433 520 559 577 accitum
583 522 723 589 audierat,
748 520 864 590 'oraton
885 530 914 579 et
927 523 1001 585 sub·
1023 534 1027 540 '
1068 545 1094 586 fl

62 612 139 669 dole
147 612 329 698 speculatum
339 611 451 670 Bocchi
461 614 602 671 consilia.
616 624 785 690 praeterea
790 615 899 683 Dabar,
911 612 992 673 Mas·
1042 657 1058 680 ,.

61 704 213 781 sagradae
227 705 312 774 filius,
337 725 375 763 ex
387 716 476 782 gente
497 708 682 777 Masinissae,
708 720 838 765 ceterum
862 719 992 767 materno
1009 711 1027 767 1:

60 817 175 876 genere
186 818 299 872 impar
310 808 405 873 pater
414 820 478 874 ejus
492 821 529 858 ex
543 804 707 859 concubina
716 812 795 861 ortus
805 812 885 872 erat
907 802 991 860 Mau·
1042 839 1062 889 t.
1126 872 1127 881 ἵ

60 913 93 951 ro
108 892 171 948 ob
162 892 273 967 ingenii
287 894 376 949 muita
389 896 466 951 bona
480 914 568 952 carus
580 896 811 971 acceptusque,²
811 916 897 972 quom
916 898 999 955 Boc.
999 928 1023 949 „s
1042 882 1061 931 s
1080 931 1083 939 ι
1110 916 1113 926 ¹

60 989 152 1055 chus,
158 986 248 1041 fidum
260 986 357 1042 multis
369 997 456 1043 autea
469 981 686 1062 tempestatibus
701 1000 845 1063 expertus,
864 992 942 1047 illico
953 993 989 1048 ad

60 1082 174 1138 Sullam
188 1066 357 1137 nunciatum
368 1081 463 1149 mittit,
480 1089 640 1155 “paratum
654 1101 719 1139 sese
734 1082 832 1139 facere
834 1102 925 1157 ,quae
940 1105 999 1159 po

59 1176 147 1251 pulus
165 1152 316 1230 Romanus
337 1175 440 1231 vellet.
462 1173 604 1249 colloquio
629 1176 714 1245 diem,
742 1177 847 1257 locum,
875 1185 989 1253 tempus

58 1271 124 1344 ipse
151 1249 314 1345 dilegeret:
335 1268 479 1326 ‘'cousulta
503 1289 570 1327 sese
595 1266 697 1327 omnia'
720 1290 786 1327 cum
801 1270 851 1343 ilio
875 1272 989 1349 integra

58 1366 189 1423 habere:
211 1382 269 1419 neu
281 1363 444 1439 Jugurthae
457 1365 585 1441 legatum
605 1366 839 1439 pertimesceret:
857 1356 987 1423 ”cautum
1004 1383 1016 1469 p

58 1477 126 1515 esse
140 1476 197 1531 quo
210 1476 259 1513 res
268 1452 431 1515 'communis
445 1458 580 1515 licentius
595 1469 763 1534 gereretur;
785 1478 853 1514 nam
868 1461 904 1515 ab
918 1461 986 1517 insi·
1012 1490 1017 1517 ι

57 1552 112 1609 diis
128 1552 191 1627 ejus
206 1552 289 1608 aliter
295 1553 397 1610 caveri
411 1552 610 1626 nequivisse,''
651 1553 710 1608 Sed
735 1572 791 1627 ego
812 1553 986 1626 comperior,

57 1647 209 1704 Bocchum
219 1647 315 1723 magis
324 1648 445 1703 ὗΡιιιιίοι
459 1647 526 1715 fide,
541 1634 629 1720 quam
649 1648 685 1701 ob
700 1664 774 1719 quae
787 1646 985 1721 praedicabat,

56 1742 143 1798 simul
152 1741 301 1797 Romanos
310 1751 339 1797 et
347 1740 504 1797 Numidam
513 1760 564 1816 spe
574 1741 657 1815 pacis
666 1741 844 1809 ⁶adtinuisse,
854 1742 985 1799 multum·

56 1855 111 1910 que
127 1853 195 1891 oum
206 1834 303 1891 animo
317 1855 369 1891 suo
385 1837 500 1893 volvere
516 1836 640 1905 soiitum,
652 1835 823 1912 Jugurtham
836 1835 984 1905 Romanis,

56 1950 92 1987 an
106 1922 150 1985 illi
162 1928 274 1985 Sullam
287 1930 433 1986 traderet:
454 1930 612 2007 lubidinem
626 1930 779 1987 advorsum
794 1949 857 1998 uos,
878 1940 984 1987 metum

57 2044 109 2099 pro
120 2022 206 2080 nobis
220 2022 358 2080 suasisse.
421 2051 425 2063 ν
993 2008 996 2015 ⁴

94 2117 174 2175 CIX.
204 2117 315 2174 lomus
339 2117 420 2173 Sulla
441 2117 609 2190 respondit:
632 2124 754 2191 “pauca
769 2135 800 2173 se
816 2136 914 2174 coram
928 2119 983 2176 As·

8 2216 13 2225 '
55 2231 126 2287 pare
137 2213 321 2280 locuturum3
344 2220 445 2267 cetera
454 2212 579 2279 occulte,
592 2219 640 2266 aut
652 2211 739 2279 nullo,
752 2220 800 2266 aut
814 2231 900 2284 quam
914 2231 983 2287 pau·

55 2306 190 2363 ciosumis
203 2304 445 2380 praesentibus?
465 2305 550 2360 simul
559 2305 673 2374 edocet,
685 2324 759 2379 quae
772 2306 981 2380 responderen

9 2359 14 2453 i
54 2409 109 2457 tur.
141 2401 316 2473 Postquam,
327 2400 412 2455 sicuti
425 2400 566 2467 voluerat,
579 2399 739 2473 congressi,
752 2400 830 2468 dicit,
842 2406 902 2456 ‘so
914 2419 981 2456 mis

11 2552 15 2564 ,
57 2491 119 2550 sum
133 2514 152 2551 a
166 2495 287 2551 consule
301 2495 418 2551 venisse
433 2492 594 2566 quaesitum
619 2493 655 2548 ab
680 2512 725 2561 eo,
740 2511 853 2567 pacem,
870 2513 907 2548 an
921 2495 981 2550 bel·

56 2589 111 2645 lum
126 2589 285 2666 agitaturus
299 2588 406 2646 soret.'''
446 2587 523 2644 Τιιιιι
537 2605 599 2655 rex,
622 2587 662 2642 uti
687 2595 886 2660 praeceptum,
916 2597 980 2660 post

56 2683 129 2756 diem
142 2685 287 2741 dacianum
301 2684 395 2741 redire
406 2684 489 2758 jubet
502 2704 509 2752 3
532 2701 579 2751 ac,
600 2681 671 2737 nihil
685 2680 772 2737 otiam
787 2699 864 2735 nunc
879 2681 980 2738 decre-

46 2766 139 2857 uisse,
153 2779 216 2835 ‘sed
241 2779 292 2836 illo
306 2779 352 2836 die
377 2796 603 2852 responsurum:
626 2776 730 2832 deinde
755 2777 839 2832 ambo
867 2775 908 2831 '‘in
928 2795 981 2832 sua

41 2875 150 2930 'castra
163 2874 298 2950 digressi.
341 2873 411 2941 Sed,
438 2873 488 2928 ubi
518 2873 686 2947 pierumque
714 2870 807 2927 noctis
829 2871 980 2944 processit,

54 2965 134 3024 Sulla
148 2987 166 3024 a
176 2969 296 3026 Boccho
307 2968 422 3026 occulte
434 2967 610 3024 arcessitur:
633 2969 669 3023 ab
679 2975 798 3040 utroque
809 2975 979 3023 tautummo-

54 3059 151 3120 duddi
174 3063 348 3138 interpretes
372 3063 560 3120 adhibentur:
582 3069 735 3136 praeterea
761 3061 862 3118 Dabar
882 3061 980 3118 “iuter-

9 3190 10 3193 =
54 3157 183 3227 nuncius,
196 3157 326 3215 'sanctus
340 3159 384 3216 vir
397 3167 427 3215 et
440 3177 478 3215 ex
486 3157 631 3216 sententia
642 3157 792 3223 ambobus,
827 3157 873 3214 Ac
884 3156 980 3214 statim

9 3250 14 3309 Ἰ
53 3268 93 3308 uc
103 3271 156 3310 rex
166 3252 280 3327 incipit

89 3345 154 3406 CX.
184 3348 374 3410 “Nmom
388 3366 445 3424 ego
453 3357 535 3405 ratus
543 3367 608 3405 sum
619 3348 691 3417 sore,
712 3347 753 3404 uti
761 3366 814 3404 rex
828 3363 980 3404 maxumus

53 3437 81 3497 iu
92 3443 149 3502 hac
163 3452 253 3513 terra,
267 3443 318 3500 ¹‘et
332 3442 470 3513 omnium,
485 3460 558 3558 quos
570 3442 646 3512 novi,
661 3441 903 3517 opulentissimus,
923 3438 980 3516 pri
