2259 4050
331 235 496 294 Scissum
517 220 684 299 consume·
863 287 873 297 .
935 233 975 294 41

9 407 11 456 t
52 461 54 470 Ι
89 389 199 452 LVIII.
216 391 441 450 “comesurum
455 409 511 468 ego
525 393 629 458 habeo,
644 391 761 459 milites,
778 385 978 449 uersuum
1062 456 1066 464 ¹

9 461 11 534 l
53 497 110 546 tem
117 507 177 544 non
189 487 311 556 addere;
333 505 427 560 neque
439 503 476 542 ex
487 486 593 562 ignavo
602 492 760 552 strenuum,
768 503 865 558 neque
875 482 979 542 sortem

54 599 86 640 ex
99 581 200 640 timido
211 581 381 648 exercitum,
393 581 522 636 oratioue
537 580 729 654 imperatoris,
744 579 818 636 fieri.
862 578 981 642 Quanto

56 676 191 751 cujusque
206 675 303 732 auimo
318 675 441 731 audacia
455 683 566 742 natura,
589 684 637 730 aut
656 674 803 742 ²moribus,
817 674 902 740 inest,
917 681 981 729 tan·
1007 718 1010 721 .

55 772 123 828 tuin
137 770 215 826 bello
229 779 329 844 patere
342 770 417 836 solet
432 788 440 824 ε
461 788 546 841 quem
560 786 654 842 neque
665 769 768 844 gloria,
789 786 884 842 neque
906 766 980 842 peri·

57 867 129 934 cula,
145 864 281 932 excitant,
303 863 496 937 nequidquam
523 865 659 933 hortere,
681 865 766 920 timor
793 863 881 918 enimi
905 861 981 918 ouri·

9 963 11 1034 ,
55 961 102 1016 bus
117 959 227 1016 obiicit.
261 957 319 1014 Sed
330 977 386 1033 ego
398 976 458 1026 vos,
473 977 529 1031 quo
540 977 636 1031 pauca
644 976 803 1025 monerem,
818 955 978 1027 advocavi;

9 1035 11 1084 l
56 1053 136 1112 simul
150 1054 191 1110 uti
206 1071 340 1110 caussam
354 1052 467 1110 consilii
479 1053 633 1125 aperirem.
675 1037 764 1108 Scitis
774 1051 918 1124 equidem,
928 1051 980 1108 mi.
1028 1034 1031 1037 ⁵

9 1151 11 1158 ’
55 1149 126 1217 lites,
151 1147 285 1204 secordia
311 1156 396 1220 atque
423 1146 541 1222 ignavia
566 1128 683 1202 Lentuli
705 1155 841 1218 quantam
854 1145 909 1218 ipsi
923 1146 983 1202 clu·

57 1238 118 1300 dem
133 1241 273 1314 nobisque
285 1240 424 1308 attulerit3
447 1239 570 1312 louoque
581 1241 677 1308 modo,
691 1241 759 1296 dum
770 1258 806 1294 ex
817 1240 888 1296 urbe
900 1218 1000 1314 μηθ’

58 1338 126 1394 sidia
140 1335 283 1412 opperior,
306 1335 336 1390 in
351 1334 478 1393 Galliam
501 1334 649 1408 proficisci
662 1335 852 1408 nequiverim.
894 1335 984 1392 Nunc
1070 1314 1075 1323 ¹

59 1431 118 1506 ⁴qu0
128 1431 160 1488 in
174 1431 240 1486 loco
253 1447 301 1485 res
315 1438 430 1484 nostrae
445 1429 511 1504 siut,
529 1429 613 1503 juxta
627 1448 743 1485 mecum
757 1449 857 1486 omnes
872 1430 982 1500 intelle·

59 1526 129 1600 gitis.
172 1523 327 1580 Exercitus
341 1523 467 1579 hostium
480 1524 545 1590 duo,
561 1524 646 1578 ⁵unus
661 1525 697 1578 ab
707 1525 788 1589 urbe,
801 1523 875 1578 alter
885 1542 903 1578 a
914 1522 984 1582 Gal-

59 1618 104 1690 lio,
119 1619 251 1676 obstant:
274 1617 377 1673 diutius
392 1615 422 1672 in
435 1617 481 1672 his
496 1616 568 1673 locis
581 1635 657 1685 esse,
671 1616 706 1672 “si
722 1635 857 1691 maxume
870 1617 985 1676 animus

61 1711 138 1781 ierat,
164 1710 300 1769 frumenti
329 1720 414 1784 atque
443 1710 564 1768 alierum
592 1731 689 1768 rerum
710 1720 827 1787 egestas
840 1712 983 1788 prohibet.

61 1807 245 1881 Quocumque
260 1806 423 1880 ire-placet,
446 1805 592 1866 ferro-iter
605 1807 862 1881 aperiundumest.
904 1809 984 1873 Quo-

12 1933 13 1936 *
62 1913 172 1978 propter
182 1920 234 1958 vos
246 1919 358 1969 moneo,
374 1901 414 1956 uti
427 1899 504 1956 7lorti
519 1913 605 1974 atque
621 1902 722 1976 parato
734 1902 829 1960 snimo
843 1903 924 1972 sitis'5
945 1911 985 1974 et,

62 2015 123 2055 cum
138 1995 279 2073 praelium
301 1993 418 2063 inibitis,
444 1996 643 2065 memineritis,
668 2016 720 2053 vos
734 1997 859 2065 divitias,
883 1998 985 2067 decus,

64 2093 187 2169 gloriam,
210 2099 363 2166 praeterea
389 2090 560 2147 libertatem·
580 2101 665 2164 atque
690 2092 813 2164 patriam
836 2090 987 2149 indextnis

12 2211 13 2232 t
64 2197 181 2265 portare.
206 2186 238 2241 Si
252 2184 404 2253 vincimus,
421 2185 518 2241 omnia
529 2185 613 2240 nobis
624 2193 695 2253 tuta,
707 2194 886 2243 commeatus
896 2188 986 2245 abun·

11 2276 12 2321 f
65 2281 107 2351 de,
121 2280 252 2339 coloniae
268 2288 352 2355 atque
369 2278 525 2353 municipia
539 2280 697 2357 patebunt:
718 2280 764 2335 sin
773 2289 852 2345 metu
863 2282 989 2339 cesseri-

66 2394 132 2445 mus,
146 2376 250 2433 eudem
264 2375 314 2431 illa
329 2374 453 2431 advorsa
463 2374 535 2429 fiunt
550 2394 557 2429 z
579 2392 675 2448 usque
689 2374 781 2444 locus,
805 2395 900 2450 neque
915 2376 986 2434 ami·

68 2488 113 2527 cus
122 2472 271 2546 quisquam
285 2478 373 2546 teget,
388 2488 473 2543 quern
488 2486 570 2523 arma
583 2488 640 2524 non
654 2457 788 2527 texerint.
819 2471 986 2541 Praeterea,

68 2566 174 2636 milites,
199 2584 258 2622 non
282 2564 385 2621 eadem
408 2562 490 2620 nobis
505 2578 534 2618 et
548 2562 605 2617 illis
625 2564 810 2619 necessitudo
823 2563 986 2637 impendet:

70 2676 115 2715 nos
127 2680 176 2736 pro
190 2659 293 2736 patria,
308 2680 360 2735 pro
371 2659 514 2725 libertate,
529 2676 582 2732 pro
596 2657 653 2713 vita
675 2665 837 2726 certamus;
859 2657 927 2712 ⁸illis
940 2676 987 2713 su.

71 2771 275 2827 pervacaneum
291 2764 335 2811 est
358 2772 487 2830 pugnare
503 2772 555 2828 pro
570 2752 698 2827 potentia
712 2769 879 2831 paucorum.
922 2752 989 2818 Quo

73 2848 200 2907 audacius
215 2849 416 2927 adgredimini,
428 2866 573 2905 memores
584 2848 722 2923 pristinae
736 2845 858 2919 uirtutis.
893 2846 990 2908 Licuit

73 2944 364 3014 nobis‚cu1nsumma
384 2944 569 3017 turpitudine,
593 2925 723 3005 inseii‘ilio
738 2952 864 3000 aetatem
878 2964 968 3020 agere
980 2963 989 3001 ι
1066 3012 1069 3017 ,

74 3039 192 3110 potuistis
207 3040 334 3098 nonnulli
347 3038 468 3107 Rornae,
484 3037 599 3095 amissis
615 3038 708 3106 bonis,
733 3038 846 3096 alienas
856 3059 928 3117 opes
941 3016 990 3096 ex.

75 3144 207 3212 spectare.
251 3134 329 3200 Quia
350 3134 400 3191 ille
424 3132 509 3195 foeda
524 3143 609 3207 atque
629 3133 810 3190 intoleranda
822 3134 992 3193 ⁹virisvide·
1027 3182 1033 3187 .

73 3222 176 3300 bantur,
190 3232 267 3287 haec
281 3228 363 3304 sequi
378 3228 558 3285 decrevistis.
591 3228 922 3303 si¹⁰relinquerev01tis,
942 3248 991 3289 uu·

74 3318 150 3381 dacio
163 3346 236 3401 opus
247 3334 312 3383 est:
335 3344 430 3393 nemo,
445 3323 500 3379 nisi
514 3324 614 3392 victor,
629 3324 725 3399 ¹¹pace
739 3326 847 3384 bellum
860 3323 990 3385 mutavit.

12 3467 22 3576 ι
73 3412 145 3477 Nam
158 3421 188 3479 in
202 3422 274 3499 suga
288 3422 556 3531 salutemsperareg
572 3420 659 3475 ¹²cum
675 3435 763 3489 arms,
790 3420 873 3495 ¹³quis
887 3433 993 3496 corpus
