2259 4050
178 320 219 381 82
466 322 630 403 Ssuuus‘rrr
650 315 831 379 Juouarm.

153 505 158 510 ·
219 478 328 539 XLVI.
354 478 493 535 lurnnns
506 478 661 555 Jugulum,
675 478 734 546 ubi,
750 496 827 551 quae
842 474 976 535 Metellus
990 474 1082 551 agebat,

179 593 216 633 ex
230 575 343 631 nunciis
358 574 490 647 accepit·;
513 574 598 630 simul
611 574 647 630 de
662 572 843 629 'innocentia
854 572 918 646 ejus
932 570 1029 626 certior
1038 568 1081 623 Ro·

179 688 246 726 mae
261 669 364 737 faetus,
379 668 509 725 diffidere
521 669 581 757 spis
591 670 735 737 rebuS‚'ac
747 676 810 723 turn
822 668 938 723 demum
952 661 1083 721 veramde·

178 764 316 821 ditionem
332 764 431 820 lacere
445 773 568 820 conatus
583 772 636 821 est.
680 761 771 838 Igitur
781 763 896 839 legatos
911 761 947 817 ad
961 757 1084 816 consulem

123 919 126 926 ¹
178 873 249 913 curn-
259 858 418 947 ²suppliciis
438 859 531 928 mittit,
555 858 602 933 qui
618 859 817 914 tantummodo
829 857 885 933 ipsi
901 856 1044 927 liberisque
1055 849 1084 905 vi·

177 963 238 1010 tam
253 947 466 1029 peterent,'alia
476 954 575 1010 omnia
589 952 729 1010 dederent
744 954 852 1029 populo
865 952 1005 1009 Romano.
1042 941 1085 1001 Sed

178 1049 299 1107 Metello
309 1051 372 1125 jam
387 1062 473 1107 antea
487 1048 692 1125 experimentis
707 1050 858 1125 cognitum
871 1058 935 1105 erat
947 1060 1032 1123 genus
1041 1039 1084 1097 Nu·

177 1133 319 1203 midarum
333 1147 462 1215 infidum,
477 1145 595 1222 ingenio
606 1144 714 1214 mobili,
724 1163 866 1201 novarum
876 1162 971 1200 rerum
983 1137 1084 1197 avidum.

178 1240 278 1314 ltaque
304 1243 428 1316 “legatos
453 1242 541 1297 alium
564 1241 601 1297 ab
624 1240 682 1296 alio
701 1227 834 1297 divorsos
850 1238 1033 1317 adgreditur3
1053 1247 1084 1295 ab

178 1335 326 1409 paullatim
341 1335 498 1403 *tentandq
514 1343 665 1409 postquam
675 1345 855 1411 opportunos
865 1332 1007 1412 cognovit,
1016 1326 1085 1385 multa

135 1421 148 1469 f
180 1427 344 1505 pollicendo
359 1430 523 1505 persuadet,
539 1436 557 1463 “
569 1429 608 1485 uti
618 1429 635 1484 J
639 1430 792 1505 ugurtham
803 1418 1085 1491 maxume'vivumsiss

177 1524 206 1583 id
228 1513 330 1602 parum
353 1526 502 1602 procedat,
530 1534 668 1591 necatum
696 1524 750 1580 sibi
765 1524 956 1583 traderent:''
976 1530 1085 1577 ceterum

177 1623 283 1696 palam,
311 1641 386 1695 quae
414 1640 452 1678 ex
470 1622 620 1677 voluntate
648 1620 752 1689 sorent,
781 1622 845 1697 regi
871 1616 1000 1677 nunciari
1010 1613 1084 1689 jubet·
1110 1676 1111 1699 ξ

97 1738 100 1741 ·
177 1714 291 1771 Deinde
304 1716 365 1789 ipse
381 1717 481 1791 paucis
496 1716 607 1783 diebus,
622 1716 731 1771 intento
747 1726 833 1790 atque
850 1716 955 1773 infesto
967 1706 1083 1769 exercitu,
1109 1776 1110 1785 ἵ

176 1810 205 1865 in
227 1810 393 1866 Numidiam
416 1798 562 1885 procedit:
585 1810 643 1878 ubi,
659 1820 760 1866 contra
775 1813 844 1869 belli
861 1811 977 1877 faeiem,
988 1799 1085 1881 tuguria
1109 1796 1110 1807 ³

74 1916 78 1922 '
176 1894 263 1979 plena
277 1905 434 1974 hominum,
450 1922 557 1980 pecora
580 1905 761 1979 cultoresque
773 1906 802 1962 in
820 1908 919 1984 agris:
942 1924 978 1961 ex
991 1893 1085 1975 oppidis

175 2009 205 2059 et
228 2001 400 2078 ⁵mapalibus
421 2000 561 2077 praelecti
585 2000 663 2078 regis
683 2002 760 2058 obvii
783 2003 992 2077 procedebant,
1012 1987 1086 2071 parati

173 2097 349 2157 frumentum
362 2098 443 2170 dare,
465 2097 670 2156 ⁶commeatum
689 2092 814 2174 portare,
833 2111 978 2176 postremo
998 2086 1086 2150 omnia,

174 2214 248 2270 quae
264 2197 483 2270 imperarentur,
499 2195 610 2252 iacere.
654 2195 759 2269 Neque
776 2195 917 2254 Metellus
932 2191 1034 2251 ideirco
1047 2175 1085 2239 ml·
1110 2187 1111 2198 ἢ

174 2310 237 2358 nus,
253 2291 304 2346 sed
320 2290 426 2364 pariter
437 2308 472 2344 ac
487 2289 511 2345 si
525 2291 624 2345 hostes
639 2289 784 2357 adessent,
801 2293 913 2349 munito
928 2286 1037 2366 agmine
1050 2277 1082 2333 in·

173 2384 290 2453 cedere,
302 2387 359 2440 late
369 2385 520 2458 explorare
531 2383 638 2453 omnia,
651 2384 700 2440 illa
711 2383 867 2454 deditionis
889 2365 1086 2462 signaosrentui

173 2479 305 2550 eredere,
320 2480 360 2536 ⁷et
373 2479 483 2536 insidiis
502 2480 598 2536 locum
612 2480 751 2540 tentari·
772 2479 876 2555 ltaque
901 2482 961 2556 ipse
977 2491 1038 2532 cum
1051 2482 1087 2522 el·
1110 2545 1111 2548 Ἴ

173 2576 277 2652 peditis
292 2576 468 2645 cohortibus,
497 2576 566 2633 item
592 2575 766 2633 funditorum
782 2586 810 2633 et
824 2575 1037 2653 sagittariorum
1049 2561 1087 2618 de·
1110 2623 1111 2658 q

172 2673 250 2730 lecta
261 2693 357 2740 manu,
372 2671 448 2747 apud
464 2671 571 2746 primos
586 2682 667 2728 erat:
690 2672 719 2727 in
734 2681 881 2744 postremo
894 2671 929 2728 C.
942 2657 1087 2726 Mauorte·
1110 2659 1111 2728 l

171 2768 626 2844 gatuscumequitibuscurabat:
650 2766 678 2822 in
688 2775 837 2840 utrumque
849 2767 925 2824 latus
935 2751 1087 2822 auxiliarios
1110 2743 1111 2822 l

171 2859 284 2934 equites
298 2859 418 2915 tribunis
433 2860 581 2936 legionum
602 2870 631 2918 et
646 2861 804 2937 praefectis
819 2863 980 2920 cohortium
992 2855 1087 2926 disper·
1110 2825 1111 2918 l

140 2974 143 2981 ’
171 2954 284 3022 tiverat,
299 2953 338 3010 uti
353 2971 419 3010 cum
434 2955 479 3010 his
494 2956 627 3029 permixti
646 2957 768 3026 ⁸velites,
781 2974 962 3031 quacumque
978 2941 1087 3008 accede·
1110 2929 1111 2946 Χ

82 3052 85 3057 ’
107 3125 111 3130 ⁸
170 3057 245 3117 rent,
260 3049 403 3122 equitatus
417 3049 543 3107 hostium
557 3052 768 3126 propulsarent.
812 3053 890 3114 Nam
914 3051 943 3108 in
957 3037 1088 3122 Jugurtha

169 3152 265 3199 tantus
279 3144 370 3214 dolus,
386 3154 522 3220 tantaque
537 3146 640 3220 peritia
654 3147 783 3202 locorum
795 3157 824 3204 et
833 3148 952 3204 militiae
965 3148 1035 3205 erat,
1044 3128 1086 3193 uti,

170 3240 286 3307 absens,
301 3259 337 3295 an
350 3259 499 3314 praesens,
522 3259 625 3314 pacem
652 3259 689 3297 an
705 3242 812 3298 bellum
834 3261 949 3320 gerere,
975 3224 1088 3314 pernici·

169 3333 248 3392 osior
261 3345 348 3403 esset,
361 3335 388 3390 in
404 3335 515 3391 incerto
526 3336 691 3391 haberetur.

208 3429 331 3489 XLVll.
358 3431 449 3488 Eunu
462 3429 538 3486 haud
554 3430 640 3505 longe
656 3431 692 3487 ab
707 3449 744 3488 eo
755 3431 867 3502 itinere,
883 3450 939 3508 quo
954 3418 1085 3484 Metellus

169 3525 319 3610 pergebat,
341 3525 478 3615 oppidum
501 3524 703 3596 Numidarum,
718 3527 834 3596 nornine
858 3527 967 3610 Ἥβα,
982 3517 1088 3576 ”forum
