2259 4050
123 327 162 386 18
411 327 575 384 sisaran
596 326 760 385 camma.
862 333 867 344 “

121 479 262 550 Barpana,
277 480 455 558 magistratui
469 482 798 557 maxumapermittitur3
820 480 979 538 exercitum
989 499 1038 556 pa.

121 592 196 644 rare,
216 575 324 632 bellum
345 593 459 650 gerere,
483 581 622 632 coercere
641 575 772 631 omuibus
786 575 877 632 modis
891 574 986 631 socios
997 583 1038 632 at·

61 681 63 688 ·
121 667 283 742 quecivis3
314 667 390 724 domi
413 667 589 741 militiaeque
612 668 772 742 ¹imperium
796 677 880 742 atque
898 667 1038 741 judicium

122 761 263 818 summum
276 761 384 817 babere
401 781 409 817 ι
430 762 522 830 aliter,
537 762 600 823 sine
614 762 710 836 populi
731 762 824 835 jussu,
844 761 914 818 nulli
938 779 1037 818 aarum
1122 800 1123 807 κ

122 871 217 910 rerum
232 854 344 910 consuli
354 855 402 928 jus
416 865 470 912 cst.

161 947 252 1004 XXX.
268 947 345 1006 Posr
359 968 467 1024 paucos
480 947 541 1004 dies
556 948 592 1005 L.
609 949 742 1017 Saenius,
757 957 882 1017 senator,
893 949 923 1005 in
937 959 1039 1008 senatu
1116 1006 1120 1018 ,

122 1041 232 1099 litteras
246 1041 397 1111 ²recitavit‚
411 1059 482 1116 quas
496 1042 628 1098 Faesulis
647 1041 757 1109 adlatas
778 1042 833 1097 sibi
847 1042 962 1099 dicebat
972 1064 983 1112 ;Δ
1009 1043 1040 1100 in
1123 1050 1124 1053 ’

123 1135 224 1210 quibus
251 1136 387 1211 scriptum
414 1145 485 1205 erat,
514 1135 550 1191 C.
568 1135 708 1192 Manlium
731 1154 813 1191 arma
832 1135 959 1208 cepisse,
974 1156 1041 1194 cum

124 1250 231 1307 magna
245 1229 432 1298 multitudine,
455 1230 532 1285 lente
546 1230 623 1285 diem
636 1229 674 1285 vi.
689 1228 841 1284 Kalendas
854 1228 1038 1288 Novembris.

124 1323 226 1390 Simul,
240 1323 269 1377 id
283 1322 356 1395 qued
370 1322 400 1377 in
410 1322 459 1377 tali
474 1341 506 1377 re
521 1321 603 1390 solet,
626 1322 675 1377 alii
689 1329 821 1396 portenta
846 1333 931 1397 atque
946 1325 1040 1399 prodi.

125 1416 174 1494 gia
187 1415 362 1495 nunciabant
377 1437 384 1484 ;
408 1415 455 1470 alii
470 1425 628 1472 conventus
648 1416 733 1484 ⁴lieri,
748 1434 829 1472 arma
843 1418 959 1490 portari,
973 1419 1042 1477 ⁵Ca.
1122 1486 1126 1509 1

124 1529 199 1586 puae
228 1518 311 1582 atqua
336 1509 366 1566 in
389 1509 494 1583 Apulia
520 1510 626 1566 servile
649 1510 756 1566 bellum
780 1511 899 1569 moveri.
941 1511 1042 1588 Igitur,
1122 1520 1126 1581 l

124 1605 227 1662 “senati
242 1604 367 1672 decreta,
382 1603 430 1668 Ὦ.
447 1603 576 1660 Marcius
591 1604 655 1660 Rex
667 1603 817 1673 Faesulas,
841 1605 890 1671 Ὦ.
906 1606 1044 1665 Metellus
1121 1637 1124 1647 ·

127 1699 260 1757 Creticus
274 1698 303 1754 in
318 1697 451 1771 Apuliam
475 1698 651 1772 ⁹circumque
666 1699 741 1766 loca,
756 1699 836 1754 missi
852 1720 860 1754 ε
892 1699 911 1757 ii
931 1702 1043 1775 utrique
1121 1739 1124 1750 ‹

126 1793 186 1850 ¹⁰ad
195 1795 295 1851 urbem
303 1793 494 1866 imperatores
506 1801 586 1847 erant
598 1813 605 1860 ;
626 1792 764 1866 impediti,
778 1811 815 1849 ne
826 1794 1044 1869 triumpharent,
1124 1784 1125 1839 ἓ

31 1899 35 1907 ·
73 1939 75 1944 ,
126 1874 472 1962 ¹¹cfflumniapauc0mm,
488 1886 590 1960 quibus
614 1885 714 1942 omnia
731 1888 853 1944 honesta
867 1899 950 1962 atque
963 1889 1045 1948 inho.
1122 1888 1125 1901 '

127 1989 210 2042 nesta
223 1982 354 2040 vendere·
363 1999 425 2039 mos
439 1989 511 2037 erat.
553 1979 633 2037 ¹²Sed
645 1989 804 2054 praetores,
818 1981 878 2047 ¹³Q.
891 1982 1046 2058 Pompeius
1122 2005 1126 2058 3

128 2078 220 2137 Rufus
235 2077 376 2152 Capuam,
392 2076 450 2141 ¹⁴Q.
467 2075 603 2131 Metellus
619 2073 707 2130 Celer
720 2075 749 2131 in
765 2095 867 2151 agrum
880 2077 1020 2135 Picenum
1036 2102 1045 2148 3

127 2176 220 2247 iisque
234 2171 434 2245 ¹⁵permissum,
449 2170 517 2226 “uti
532 2171 604 2243 l⁰pru
617 2179 746 2243 tempore
761 2179 845 2243 atque
856 2172 986 2244 periculo
995 2191 1045 2230 ex.

129 2266 250 2325 ercitum
265 2263 496 2339 compararent.’'
524 2264 569 2319 Ad
583 2265 649 2332 hoc,
664 2264 718 2319 “si
734 2264 796 2337 quis
809 2263 996 2323 indicavisset
1009 2267 1048 2325 <le

129 2359 336 2435 conjuratione,
351 2376 425 2431 quae
439 2367 540 2414 contra
553 2376 616 2413 rem
630 2357 774 2432 publicam
788 2356 867 2413 facta
878 2370 949 2428 erat,
964 2380 1048 2435 prae.

129 2455 217 2518 mium
231 2472 315 2510 servo
329 2452 489 2508 libertatem
503 2460 532 2507 et
546 2452 700 2509 1⁷sestertia
713 2461 829 2509 centum
841 2474 849 2523 ;
881 2453 973 2510 libero
996 2456 1049 2513 im-

106 2588 107 2595 κ
130 2549 287 2627 punitatem
298 2546 361 2621 ejus
372 2546 423 2615 rei,
440 2555 468 2602 et
477 2547 610 2603 sestertia
624 2545 785 2614 dueenta;’'
805 2547 960 2621 “itemque,
982 2551 1049 2606 “uti

129 2644 337 2722 ¹⁹gladiatoriae
362 2642 488 2699 familiae
510 2640 641 2716 Capuam
665 2641 747 2697 etin
771 2651 870 2699 cetera
893 2642 1057 2719 municipia-

131 2740 375 2803 distribuerentur,
390 2754 440 2808 pro
455 2734 593 2807 cujusque
608 2733 710 2807 opibus
726 2754 734 2803 ;
765 2735 878 2793 Romae
893 2754 947 2811 per
960 2745 1053 2795 totam

131 2834 231 2891 urbem
245 2829 363 2905 vigiliae
383 2829 565 2896 haberentur,
580 2827 673 2901 iisque
696 2828 845 2887 ²⁰minores
865 2830 1055 2907 magistratus

131 2922 317 3001 pmeesent.'²
1033 2913 1037 2917 “

171 3019 277 3079 XXXI.
293 3020 410 3085 Quibus
422 3020 506 3077 rebus
520 3027 651 3094 permota
663 3020 774 3091 civitas,
797 3031 881 3096 atque
903 3020 1058 3080 immutata

133 3114 211 3172 urbis
220 3114 327 3173 facies:
343 3132 379 3172 ex
390 3132 502 3170 summa
511 3115 621 3172 laetitia
630 3124 714 3188 atque
723 3115 874 3184 ”lascivia
885 3133 960 3199 quae
971 3113 1057 3174 ”diu-

132 3218 218 3266 turna
231 3210 312 3283 quies
326 3224 487 3284 pepererat,
498 3217 619 3283 repente
629 3210 722 3265 omnis
731 3208 973 3289 tristitiaxinvasit:
995 3208 1057 3268 fes.

134 3304 239 3374 tiuare,
253 3303 395 3379 trepidare
412 3324 420 3372 3
442 3321 535 3377 neque
550 3304 625 3371 loco,
639 3322 695 3359 nec
709 3304 820 3359 homini
834 3303 970 3377 cuiquam
983 3299 1061 3361 satis

136 3400 276 3468 creder03
298 3416 392 3471 neque
406 3398 513 3455 bellum
535 3416 650 3473 gere-re,
674 3415 769 3471 neque
794 3415 897 3472 pacem
919 3396 1033 3457 habere
1046 3383 1061 3469 ’ς

135 3512 190 3553 suo
210 3492 329 3572 quisque
357 3500 434 3549 metu
451 3490 586 3568 pericula
599 3491 704 3570 metiri.
745 3492 792 3550 Aa
818 3492 885 3561 boc,
909 3492 1063 3563 mulieres,
