2259 4050
276 371 279 377 .
363 316 525 374 sinnam
545 315 711 374 Carrenis.
778 306 782 311 ’
964 311 1005 372 ll
1097 374 1106 396 Δ,

58 497 72 521 0
84 471 220 552 vigilare,
229 487 322 544 neque
332 470 479 528 insomniis
489 489 583 544 neque
592 470 691 528 labore
700 467 826 546 fatigari.
848 467 1004 539 Postremo,

84 564 240 625 ubimulta
253 563 371 640 agitanti
386 563 456 620 nihil
471 564 609 639 procedit,
624 583 722 620 rursus
743 563 925 637 1intempesta
938 580 1005 618 noc·

85 670 116 716 te
127 657 334 732 conjurationis
344 657 489 732 principes
500 667 641 714 convocat
651 675 704 732 per
716 657 770 713 ²M.
782 655 916 712 Porcium
930 654 1005 712 Lao·

89 771 174 809 cam:
194 751 302 824 ibique,
326 752 416 806 multa
437 752 473 807 de
498 751 615 827 ignavia
638 769 738 808 eorum
762 758 889 823 questus,
911 748 1005 819 docet,

81 852 147 910 ,⁸‘se
163 844 305 901 Manlium
317 839 501 918 praemisisse
517 845 551 900 ad
567 864 632 901 earn
646 841 861 912 multitudinem,
871 859 958 916 quam
970 841 1006 898 nd
1042 908 1049 914 ¹

87 938 233 1014 capiunda
255 957 335 994 arma
349 948 518 1011 paravernt3
546 938 614 993 item
629 938 701 994 alios
713 938 743 994 in
758 938 816 993 alia
828 937 895 993 loca
905 954 1006 1010 oppor-

86 1046 166 1100 tuna,
181 1030 230 1104 qui
244 1031 353 1086 initium
366 1031 434 1088 belli
450 1031 597 1098 facerent;
618 1050 707 1104 seque
722 1032 758 1087 nd
772 1039 930 1104 exercitum
943 1047 1018 1105 pro-7

88 1127 182 1203 ficisci
197 1143 315 1198 cupere,
330 1126 353 1180 si
368 1125 446 1197 prius
458 1124 632 1180 Ciceronem
642 1123 846 1198 oppressisset:
868 1142 935 1180 eum
948 1122 1008 1180 suis

1 1207 2 1226 ¹
88 1219 220 1294 consiliis
234 1219 353 1274 multum
366 1217 536 1274 ³obficere.''

127 1311 265 1395 XXVIII.
276 1310 398 1379 lernou,
414 1311 570 1385 perterritis
584 1331 619 1367 ac
630 1311 822 1369 dubitantibus
831 1311 946 1383 ceteris,
957 1309 1005 1370 ⁴0.

90 1407 253 1474 Cornelius
269 1424 357 1479 eques
371 1403 528 1474 Romanus,
553 1425 672 1480 operam
695 1425 779 1463 suam
801 1407 954 1480 pollicitus,
979 1416 1007 1464 et

1 1491 2 1552 ζ
88 1520 155 1558 cum
169 1519 206 1557 eo
221 1498 257 1556 L.
274 1499 483 1573 Vargunteius·
501 1508 634 1567 senator„
654 1500 828 1556 constituere
854 1500 902 1555 ⁵ea
922 1508 1009 1556 nocte

0 1645 1 1670 ,
89 1595 186 1671 paullo
197 1602 270 1668 post,
286 1610 351 1648 cum
366 1593 482 1648 armatis
496 1592 667 1661 hominibus,
681 1593 777 1648 ⁶sicuti
791 1593 952 1661 salutatum,
967 1592 1008 1649 iu·

88 1689 175 1746 troire
192 1688 228 1743 ad
245 1685 426 1754 Ciceronem,
442 1704 477 1742 ac
492 1686 527 1742 de
542 1685 696 1760 improviso
710 1686 788 1743 domi
802 1705 871 1743 suaa
886 1687 1008 1762 impara-

0 1785 1 1808 *
87 1793 149 1839 tum
163 1780 328 1837 confodere.
372 1777 485 1848 Curius,
507 1781 555 1837 ubi
570 1781 720 1857 'intellegit
739 1790 875 1854 quantum
888 1780 1009 1857 periculi

89 1875 202 1934 consuli
216 1875 388 1948 impendeat,
404 1893 525 1948 propere
538 1894 593 1950 per
606 1875 747 1944 Fulviam,
761 1875 858 1931 dolum
867 1876 915 1948 qui
926 1893 1008 1950 para-

2 1954 5 1963 '
88 1971 173 2027 natur
187 1968 333 2025 enunciat.
374 1967 419 2027 ua
433 1969 483 2037 nu,
503 1969 594 2043 janua
608 1969 750 2043 pronun,
774 1969 1010 2027 adamannus

88 2066 196 2123 frustra
210 2072 409 2138 susceperant.
451 2062 569 2131 Interea
581 2063 708 2118 Manlius
721 2064 751 2117 in
765 2062 882 2118 Etruria
895 2063 1011 2137 plebem

89 2158 256 2225 sollicitare,
281 2165 409 2232 egestate
435 2156 530 2224 simul,
555 2174 591 2212 ac
613 2156 711 2213 dolore
725 2155 858 2230 iujuriae,
872 2175 1010 2213 novarum

88 2242 186 2311 rerum
201 2251 343 2326 cupidam,
358 2250 441 2323 quod,
454 2250 551 2307 Sullae
566 2250 770 2319 dominatione,
782 2270 868 2327 agros
877 2253 1010 2325 bonaque

87 2346 187 2403 omnia
201 2345 360 2413 amiserat;
390 2354 541 2418 praeterea
568 2345 704 2406 ⁸latrones
725 2345 864 2420 cujusque
882 2344 1010 2423 generis,

88 2458 210 2515 quorum
223 2439 254 2495 in
265 2458 300 2495 ea
313 2438 431 2514 regione
451 2457 558 2513 magna
582 2439 765 2513 copia·erat;
794 2439 946 2496 nonnullos
973 2457 1011 2495 ex

88 2532 228 2591 ”Sullanis
243 2532 361 2601 colonis,
386 2532 487 2605 quibus
501 2531 598 2588 lubido
608 2542 694 2605 atque
707 2532 820 2588 luxuria
845 2550 883 2588 ex
896 2530 1011 2607 magnis

89 2627 198 2703 rapinis
212 2626 284 2683 nihil
298 2627 399 2700 reliqui
414 2626 554 2683 fecerant.

130 2720 237 2779 XXIX.
260 2720 309 2777 En
322 2739 389 2778 cum
404 2719 540 2777 Ciceroni
561 2718 776 2787 nunciarentur,
799 2715 938 2791 ¹⁰ancipiti
952 2736 1011 2790 ma.

89 2817 120 2873 lo
135 2824 290 2890 permotus,
311 2814 387 2887 quod
402 2832 496 2887 neque
510 2814 611 2870 urbem
625 2815 662 2869 ab
675 2813 786 2870 insidiis
799 2812 930 2889 ¹¹privato
944 2832 1011 2873 con·

91 2908 156 2965 silio
166 2908 280 2985 longius
289 2908 362 2964 tueri
374 2916 494 2983 poterat,
509 2925 602 2981 neque
612 2908 756 2964 exercitus
767 2906 870 2965 Manlii
880 2918 1012 2981 quantus,
1116 2930 1122 2941 ·

92 3010 141 3058 aut
153 3021 211 3079 quo
225 3001 344 3058 c'onsilio
358 3001 440 3070 foret,
452 3001 522 3057 satis
536 3010 715 3075 compertum
728 3001 864 3070 habebat,
876 3001 961 3059 nrem
975 3003 1013 3060 ad

91 3106 224 3153 senatum
238 3096 336 3165 refert,
346 3096 410 3170 jam
424 3104 510 3153 antea
531 3095 630 3171 13volgi
651 3095 811 3153 rumoribus
825 3096 1011 3172 exagitatam.

91 3188 202 3264 Itaque,
217 3191 291 3264 quod
306 3191 473 3265 plerumque
501 3189 550 3247 ¹⁴in
564 3190 655 3249 atroci
668 3190 785 3267 negotio
798 3191 881 3261 solet,
896 3202 1014 3250 senatus

91 3283 230 3353 decrevit,
242 3303 367 3342 nrannnr
378 3303 501 3341 ornain
514 3303 674 3355 conseres,
685 3304 726 3342 ne
740 3304 815 3348 auro
828 3286 1020 3345 nnsrnrues‘

90 3396 288 3438 narnrunnrr
302 3396 451 3437 cnrsnnr.
493 3379 560 3437 ¹⁵Ea
573 3386 701 3455 potestas
715 3398 767 3455 por
779 3390 920 3451 mantum,
933 3392 1020 3436 more

339 3466 347 3477 ..
568 3474 604 3531 2*
