2259 4050
97 248 157 308 tas
322 282 332 294 -
380 244 542 303 Sauram
560 242 737 304 laeuam.

97 402 139 461 uti
152 409 239 458 noctu
252 398 512 475 proficiscerentur,
527 400 678 456 consilium
693 399 849 473 adprobat:
871 384 1023 479 aestatim
1114 328 1125 454 I

88 494 204 551 ‘milites
213 493 361 549 'coenatos
374 510 451 559 esse,
465 492 495 548 in
509 481 612 548 castris
625 492 700 567 ignis
714 508 800 566 quam
815 492 1022 549 creberrumos
1046 478 1051 487 ’

99 586 173 655 fieri,
186 586 254 641 dein
266 584 370 663 'prima
384 584 480 661 vigilia
501 585 618 641 silentiu
641 584 741 659 egredi
762 585 854 657 jubet.
896 582 1024 657 Jamque

78 688 239 735 'nocturno
252 678 355 733 itinere
370 676 454 733 sessis
475 678 619 743 omnibus,
642 677 724 733 Sulla
745 676 853 751 pariter
876 694 944 733 cum
955 684 1021 733 ortu
1125 680 1126 749 ζ

101 772 170 827 solis
183 779 279 825 castra
292 770 461 837 metabatur,
471 788 542 824 cum
555 770 666 841 equites
677 770 772 825 Mauri
782 769 928 835 nunciant,
945 774 963 801 ‘⁶
971 768 1027 824 Ju-

101 864 234 939 gnrtham
243 861 578 918 circiterduummillium
587 862 736 918 intervallo
746 871 812 917 ante
822 860 1029 917 consedisse.'’
1123 890 1127 896 »

39 958 45 970 ’
103 955 189 1020 Quod
202 964 351 1029 postquam
366 955 502 1023 auditum,
524 964 584 1010 tum
606 972 675 1010 vero
689 954 791 1029 ingens
805 962 1029 1027 metusnostros

60 1046 64 1049 ⁴
103 1048 230 1104 Invadit:
252 1049 382 1117 credere,
397 1047 524 1123 proditos
537 1047 692 1115 aVcluce,
716 1056 745 1102 et
770 1046 882 1103 insidiis
897 1040 1028 1103 circum-

41 1143 62 1232 J
104 1150 214 1198 ventos.
256 1144 301 1197 Ac
316 1142 407 1208 suere,
422 1142 470 1214 qui
480 1141 622 1209 dicerent,
636 1140 733 1195 ³rnanu
747 1139 959 1207 vindicandum,
972 1158 1029 1197 ne-

105 1230 160 1309 que
170 1236 244 1308 apud
257 1236 338 1290 illum
350 1244 461 1291 tantum
474 1235 571 1289 scelus
586 1234 707 1290 inultum
716 1232 943 1305 relinquendum.
970 1230 973 1239 '
1018 1260 1023 1265 ·

146 1326 241 1383 CVII.
261 1329 308 1383 Aa
323 1328 413 1395 Sulla,
428 1344 592 1400 quanquam
606 1326 709 1383 eadem
724 1328 912 1393 aestumabat,
926 1334 1031 1383 tamen

107 1420 143 1476 ab
157 1420 262 1494 injuria
276 1420 410 1488 Maurum
424 1419 573 1493 prohibet:
595 1416 662 1474 suos
677 1420 814 1486 hortatur,
841 1418 905 1473 “uti
923 1417 1030 1475 fortem

39 1576 45 1583 ‚
83 1508 234 1571 ¹animum
247 1523 402 1589 gererent:
424 1532 512 1586 saepe
527 1521 613 1568 antea
627 1511 727 1587 paucis
737 1512 860 1567 strenuis
875 1512 1031 1569 advorsum
1119 1575 1123 1589 Ι

84 1644 87 1650 -
108 1608 315 1665 multitudinem
328 1608 404 1664 bene
417 1615 596 1681 pugnatum:
618 1614 723 1678 quanto
738 1604 792 1661 sibi
805 1605 835 1660 ln
851 1604 961 1678 praelio
975 1606 1031 1662 mi·
1119 1590 1123 1610 ¹

108 1719 162 1756 nus
176 1700 383 1774 pepercissent,
398 1707 476 1755 tanto
489 1700 608 1755 tutiores
624 1699 706 1755 sore:
728 1718 783 1754 nec
797 1717 969 1772 quemquam
981 1699 1032 1755 de.

79 1811 93 1844 ·,
110 1811 189 1861 cere,
198 1793 246 1865 qui
260 1810 361 1847 manus
376 1792 539 1859 armaverit,
554 1792 590 1847 ab
610 1792 729 1847 inermis
750 1792 871 1865 pedibus
893 1792 1033 1849 auxilium

111 1895 219 1960 petere,
247 1886 276 1941 in
303 1903 436 1964 maxumo
464 1894 542 1939 metu
563 1884 680 1939 ⁴nudurn
695 1892 723 1939 et
739 1902 860 1941 caecum
875 1902 980 1959 corpus
995 1888 1034 1943 ad
1128 1867 1129 1905 ³

39 1970 47 1981 ⁸
110 1979 200 2036 hostis
214 1977 359 2035 vortere.'’
401 1976 515 2034 Deinde
529 1978 684 2046 Volucem,
699 1977 843 2052 ⁵qu0niam
856 1978 973 2036 hostiIIa
990 1980 1033 2037 sa·
1122 2018 1123 2021 =

111 2082 201 2142 ceret,
215 2091 380 2130 maxumum
390 2072 496 2129 Jovem
509 2073 676 2141 obtestatus,
690 2081 721 2128 ut
736 2073 856 2128 sceleris
868 2081 955 2146 atque
968 2093 1033 2148 per·
1128 2072 1129 2075 ’

112 2167 198 2224 fidiae
209 2167 318 2223 Bocchi
332 2166 412 2222 testis
427 2167 551 2233 adesset,
566 2166 669 2222 castris
693 2166 771 2222 abire
783 2167 876 2238 jubet.
923 2165 977 2224 Ille
986 2168 1033 2224 la·
1128 2233 1129 2236 Ἴ

57 2252 61 2258 “
113 2279 249 2316 crumans
263 2278 355 2326 orare,
372 2267 389 2292 “
399 2278 436 2314 ne
451 2277 487 2313 ea
501 2259 652 2315 crederet:
674 2259 745 2334 nihil
760 2258 824 2315 dolo
839 2259 958 2330 sactum,
973 2280 1032 2316 ma·
1128 2325 1129 2329 Ἰ

30 2407 34 2410 .
112 2353 158 2429 gis
171 2352 326 2409 calliditate
337 2351 508 2426 Iugurthae,
528 2353 575 2408 cui
590 2351 752 2426 speculanti
766 2352 821 2409 iter
835 2371 918 2408 suurn
934 2355 1034 2430 cogni·

113 2456 173 2502 tum
186 2454 275 2502 esset.
316 2445 476 2513 ⁶Ceterum,
491 2445 627 2518 quoniam
638 2465 732 2518 neque
746 2446 894 2521 ingentem
909 2448 1049 2504 multitu·¹
1124 2479 1125 2488 κ

113 2540 210 2598 dinem
223 2524 353 2607 liaberet,
368 2548 397 2597 et
411 2557 479 2613 spes
496 2559 622 2614 opesque
639 2538 707 2613 ejus
717 2559 754 2595 ex
768 2547 849 2614 patre
864 2558 916 2596 suo
927 2541 1035 2614 pende·
1098 2538 1105 2542 ’

114 2644 187 2703 rent,
212 2634 292 2690 illum
315 2632 385 2688 nihil
414 2633 519 2706 palam'
534 2652 679 2702 ausurum,
695 2651 762 2690 cum
782 2633 844 2708 ipse
859 2633 936 2690 filius
952 2621 1036 2692 testis
1124 2700 1129 2714 „

114 2727 250 2791 adesset:
272 2707 361 2798 quare
375 2735 523 2799 optumum
537 2726 647 2782 facturn
661 2727 761 2795 videri,
777 2727 839 2801 ⁷per
861 2728 958 2784 media
973 2729 1038 2803 ejus
1096 2800 1099 2806 Ι
1126 2727 1129 2766 5

115 2829 211 2876 castra
220 2819 315 2893 palam
324 2819 463 2874 transire:
485 2839 561 2888 sese,
572 2820 618 2876 vel
631 2821 806 2895 praemissis,
818 2820 864 2876 vel
875 2820 981 2877 ibidem
992 2841 1036 2878 re·

115 2905 190 2969 lictis
201 2912 321 2979 Mauris,
332 2912 426 2967 solum
446 2931 511 2969 cnm
523 2913 605 2970 Sulla
614 2914 749 2971 iturum.”
770 2913 816 2969 Ea
830 2932 887 2982 res,
902 2924 934 2970 ut
947 2914 978 2972 in
987 2903 1039 2972 tali

115 3007 242 3082 negotio,
257 3007 386 3079 probata,
409 3025 445 3062 ac
469 3001 566 3063 'statim
582 3008 726 3082 profecti:
749 3006 865 3080 quiade
881 3007 1039 3081 improviso

115 3099 302 3167 ⁸acciderant,
324 3100 410 3156 dubio
430 3109 516 3173 atque
531 3101 693 3157 haesitante
707 3099 860 3175 Iugurtha,
876 3101 1040 3160 incolumes

113 3202 272 3250 transeunt.
314 3193 427 3250 Deinde
453 3195 556 3268 paucis
578 3194 689 3261 diebus,
711 3211 767 3268 quo
786 3193 829 3254 ire
844 3194 1038 3264 intenderant,

116 3295 295 3363 perventum.
659 3316 661 3324 ·

157 3379 266 3438 CVIII.
291 3380 338 3438 11³1
352 3399 417 3436 cnm
430 3379 550 3437 Boccho
560 3379 687 3436 Numida
703 3381 828 3454 quidam,
840 3383 936 3457 Aspar
948 3380 1043 3439 nomi·
1128 3445 1129 3465 ,
