2259 4050
132 383 155 444 Β
412 379 576 454 Seianum
596 373 765 434 Gemma..

132 549 187 607 tce,
214 547 365 614 postquam
389 534 538 592 victoriam
565 531 663 606 adepti
676 537 752 597 eunt,
776 527 848 584 nihil
861 524 966 601 reliqui
978 523 1070 584 victi·

132 633 243 692 fecere.
289 631 404 708 Quippe
419 628 565 685 secundae
580 645 629 682 ree
652 622 826 700 sapientium
847 621 961 700 animos
987 618 1069 678 ¹sati.

131 735 222 803 gent:
243 726 291 782 ²ne
312 725 363 792 ilii,
378 723 520 796 corruptis
536 713 675 788 moribus,
691 717 828 775 victoriae
842 723 1055 790 temperarent.

172 818 239 876 XII.
251 819 433 895 ffPosrcuffl
447 816 563 873 divitiae
575 813 676 871 honori
691 830 826 887 coepere,
840 820 870 867 et
893 827 946 866 cas
960 808 1069 884 gloria,

132 913 293 987 Imperium,
304 911 431 987 potentia
445 911 645 984 sequebatur3
678 908 842 964 hebescere
864 904 964 971 virtus,
992 921 1069 976 pau.

132 1014 230 1083 pertas
254 1009 358 1082 probro
382 1005 493 1072 haberi,
518 1002 696 1059 ⁴innoccntia
718 1019 770 1075 pro
785 997 981 1056 malivolentia
994 992 1070 1053 du'ci

132 1100 238 1176 coepit.
280 1100 381 1178 Igitur,
396 1119 432 1156 ex
444 1097 558 1166 dividis,
570 1093 751 1171 jurentutem
765 1093 879 1150 luxuria
892 1101 979 1165 atque
994 1109 1068 1147 ava.

122 1193 205 1272 ¹titia,
231 1213 297 1251 cum
311 1193 456 1268 superbia,
470 1193 620 1248 invasere:
641 1191 767 1265 ⁵rapere‚
789 1205 986 1254 consumere3
1009 1203 1071 1243 ena

26 1333 28 1336 .
91 1289 212 1362 *parvi
226 1289 364 1361 pendere,
379 1287 476 1342 aliena
490 1289 617 1358 cupere3
646 1284 806 1358 “pudorem
829 1280 1006 1356 pudicitiam,
1020 1279 1068 1337 di.

23 1369 47 1439 ἕ
131 1379 199 1437 vina
212 1389 297 1453 atque
312 1381 439 1436 bumana
453 1379 626 1454 promiscua,
641 1378 711 1433 nibil
721 1375 804 1452 pensi
820 1385 907 1450 atque
920 1375 1069 1434 moderati

131 1473 250 1532 habere.
274 1475 389 1550 Operae
398 1473 519 1548 pretium
531 1482 585 1541 cst,
596 1491 683 1546 quum
694 1472 794 1528 domos
805 1480 890 1545 atque
899 1470 982 1527 villae
991 1488 1068 1546 cog.

131 1569 245 1626 noveris
259 1569 288 1626 in
303 1569 414 1626 urbium
427 1568 542 1624 modum
556 1550 774 1635 exaedificatas,
787 1565 881 1622 visere
892 1565 1000 1640 templa
1011 1563 1069 1622 de.

129 1681 222 1731 orum,
233 1664 408 1736 quae-nostri
418 1663 554 1737 majores,
565 1660 783 1738 'religiosissumi
794 1660 940 1729 mortales,
949 1658 1066 1718 secere.

130 1754 251 1811 'Verum
277 1756 319 1812 illi
343 1756 463 1812 delubra
487 1748 609 1812 deorum
629 1755 745 1830 pietate,
771 1754 872 1811 domos
890 1754 955 1811 'sua
968 1753 1069 1830 gioria

131 1849 310 1908 decorabant
325 1871 332 1920 ;
355 1869 448 1924 neque
463 1851 547 1908 victis
561 1850 725 1924 quidquam,
740 1850 868 1925 ’praeter
881 1849 1005 1924 injuriae
1028 1850 1067 1908 Ii.

130 1943 267 2012 centiam,
282 1944 453 2019 eripiebant.
496 1946 535 2001 At
548 1944 578 2001 hi
592 1955 703 2014 contra,
717 1943 909 2021 ignavissumi
918 1944 1067 2017 hominen,

131 2058 186 2116 per
197 2050 339 2097 summum
353 2042 459 2121 coelun,
480 2042 578 2097 omnia
591 2060 629 2097 ea
642 2040 732 2113 sociis
745 2040 884 2110 adimere,
905 2058 979 2114 quae
1003 2038 1066 2098 for.

55 2156 60 2164 ·
130 2134 240 2191 tissumi
255 2134 309 2191 viri
324 2135 469 2210 ¹⁰vict0res
480 2136 670 2212 reliquerant:
693 2135 814 2211 proinde
828 2135 912 2210 quasi
924 2133 1079 2210 injuriam.

130 2226 240 2297 facere,
251 2227 280 2284 id
294 2228 409 2285 demum
424 2239 501 2285 esset
515 2231 639 2304 imperio
650 2230 701 2288 uti.

169 2321 251 2380 XIII.
268 2322 343 2379 Nam
357 2323 424 2395 quid
439 2342 475 2379 ea
489 2315 658 2392 memorem,
672 2342 758 2397 quae,
769 2321 824 2379 uisi
838 2322 877 2378 iis
888 2324 937 2397 qui
950 2323 1064 2396 videre,

130 2416 239 2479 nemini
253 2416 404 2473 credibilia
415 2427 480 2473 sunt
496 2438 503 2473 ε
525 2437 543 2473 a
563 2417 681 2492 privatis
696 2416 893 2492 compluribus
906 2419 1064 2478 subversos

129 2508 262 2585 mantea*
276 2512 371 2569 maria
385 2512 672 2573 ”consanctaessez
699 2512 803 2587 quibus
830 2512 902 2589 mibi
928 2512 1064 2573 vidennn

130 2606 252 2665 ludibrio
265 2607 356 2665 fuisse
370 2608 488 2666 diri-tiae
497 2630 510 2677 ς·
527 2609 644 2683 quippe,
671 2625 744 2681 quae
767 2608 892 2665 honeste
904 2608 1013 2665 habere
1027 2607 1064 2667 li.

129 2704 224 2771 cebet,
249 2703 327 2759 abuti
343 2720 402 2776 per
422 2702 617 2775 ¹²turpidinem
630 2690 837 2777 properabant
875 2702 936 2780 Sed
962 2702 1065 2762 lubido

129 2815 252 2873 ganeae,
268 2796 414 2870 ceterique
429 2795 552 2865 ¹³cultus,
575 2815 634 2852 non
651 2794 747 2852 minor
764 2796 944 2854 incesserat:
974 2797 1063 2856 “vea-

129 2890 215 2948 cendi
237 2908 353 2959 caussa,
380 2899 458 2945 terra
478 2891 606 2964 marique
627 2890 726 2966 amnia
739 2891 915 2966 exactitare-3
933 2891 1064 2952 donnire

129 2986 218 3061 priua,
231 3004 319 3059 quam
332 2984 425 3041 somni
439 2984 544 3059 cupido
558 2995 658 3057 esset3
689 3005 748 3043 non
769 2986 888 3055 samem,
910 2994 960 3043 aut
983 2987 1063 3046 sitim

127 3098 222 3155 neque
236 3080 337 3155 frigus,
359 3098 453 3154 neque
476 3079 672 3137 lassitudinem
686 3080 822 3157 opperiri,
845 3080 898 3137 eed
911 3100 949 3137 ea
961 3084 1064 3142 omnia

127 3174 218 3232 ¹⁵luxu
228 3157 428 3248 antecapere)
441 3174 526 3232 Haec
536 3176 726 3255 juventutem,
748 3176 797 3232 ubi
815 3174 974 3233 familiares
987 3196 1062 3253 opee

127 3268 298 3327 defecerant
329 3269 367 3325 ad
380 3267 512 3325 facinora
536 3270 741 3327 incendebant.
783 3268 906 3328 Animus
926 3270 1062 3331 'imbutae

128 3364 212 3423 malie
226 3363 334 3420 artibus
348 3363 424 3419 haud
436 3363 522 3422 facile
537 3365 733 3422 ¹⁶Iubidinibue
748 3364 867 3422 carebat
882 3384 890 3422 ε
912 3384 949 3423 eo
963 3366 1062 3441 profu.

128 3460 188 3516 uiue
220 3458 353 3516 omnibus
388 3460 481 3516 modis
516 3458 648 3535 quaestui
678 3468 765 3535 atquc
792 3460 918 3538 eumpmi
944 3444 1075 3522 dedica

130 3552 203 3599 eret.
