2259 4050
111 289 150 348 16
377 323 380 328 -
402 277 564 342 Seruusru
578 281 750 368 *Girumu

110 455 267 508 strumenta
280 447 419 508 luxuriae.
457 449 517 506 Sed
530 449 558 506 ei
572 449 685 506 curiora
695 463 812 527 semper
824 445 929 522 omnia,
940 463 1029 522 quam

110 545 200 602 decus
213 554 298 620 atque
312 543 449 619 pudicitia
462 543 532 600 suit:
554 543 695 617 pecuniae
707 561 745 597 nn
753 541 849 603 samae
859 541 1029 616 minuspar·

110 649 199 709 ceret,
214 639 291 697 haud
304 639 390 695 facile
402 638 596 694 ¹decerneres.
630 636 689 693 Sed
700 655 738 695 ea
750 655 839 710 saepe
854 637 980 692 antehac
994 635 1028 693 fi.
1127 710 1128 717 ἵ

111 734 177 792 dem
198 733 370 808 prodiderat,
394 731 544 788 ²ereditum
568 731 759 805 abjuraverat,
787 731 887 786 caedis
909 730 1032 798 conscia
1127 788 1128 807 ,

110 818 214 895 fuerat,
233 827 345 882 luxuria
367 835 450 900 atque
475 825 572 900 inopia
590 845 731 900 praeceps
746 827 866 885 abierat.
907 824 1030 882 ³Verum
1125 834 1128 849 '

110 912 257 997 ingenium
272 920 334 994 ejus
349 907 593 977 haudeffisurdum
609 941 616 976 ε
644 939 728 994 posse
743 939 843 976 versus
853 919 962 988 facere,
984 919 1031 994 jo-

41 1063 47 1066 .
111 1033 177 1070 curn
187 1033 315 1084 movere,
331 1033 463 1070 sermone
478 1013 518 1069 uti
532 1015 578 1070 vel
590 1014 728 1082 modesto,
742 1015 788 1070 vel
802 1015 890 1082 molli,
905 1013 951 1075 vel
964 1032 1031 1088 pro-

111 1109 195 1166 caci:
217 1093 334 1183 prorsus
346 1109 452 1164 multae
467 1107 602 1164 ‘facetiae
617 1109 776 1183 multusque
790 1108 871 1180 lepos
884 1100 1034 1226 ineratfp
1121 1110 1128 1122 ’

150 1202 256 1260 XXVI.
283 1203 340 1258 Hrs
355 1205 440 1257 rebus
455 1185 636 1275 comparatis]
652 1202 777 1259 Catilina
791 1201 879 1258 nihilo
892 1201 987 1258 minus
1001 1203 1033 1260 in

111 1314 279 1369 proxumum
291 1314 397 1350 annum
406 1296 585 1350 consulatum
591 1298 726 1369 ,petebat3
748 1315 877 1369 sperans,
888 1297 913 1352 si
924 1296 1033 1373 ⁵desig-
1128 1278 1129 1283 ¹

111 1396 194 1444 natus
209 1388 290 1456 foret,
315 1387 401 1444 facile
416 1407 447 1443 se
460 1406 497 1460 ex
507 1389 650 1444 voluntate
662 1389 786 1445 Antonio
802 1408 926 1446 usurum.
969 1390 1033 1448 Ne-

113 1500 166 1555 que
178 1481 289 1538 interea
302 1481 413 1555 quietus
427 1491 498 1550 erat,
514 1482 565 1538 sed
580 1482 710 1538 omnibus
736 1483 827 1539 modis
847 1483 966 1540 insidias
980 1504 1033 1559 pa-

112 1576 193 1632 rabat
209 1575 354 1632 Ciceroni
397 1575 500 1648 Neque
520 1576 561 1632 illi
584 1585 681 1632 tamen
704 1577 740 1632 ad
755 1578 915 1634 cavendum
928 1579 1034 1650 ⁶dclus,

113 1681 160 1728 aut
175 1670 284 1726 astutiae
299 1671 427 1726 deerant.
460 1670 603 1743 Namque,
615 1691 634 1726 a
644 1671 787 1745 principio
801 1673 964 1728 consulatus
975 1675 1035 1743 sui,

112 1764 201 1820 multa
214 1763 387 1837 ⁷pollicendo
400 1781 452 1836 per
462 1762 602 1832 Fulviam,
617 1753 854 1833 effecerat,th
869 1765 982 1835 CuriuS,
995 1768 1036 1824 de

113 1875 168 1930 quo
182 1858 277 1932 paullo
292 1865 358 1912 unte
370 1857 535 1925 memoravi,
556 1857 682 1914 consilia
696 1859 839 1918 Catilinae
861 1861 916 1916 sibi
930 1862 1036 1934 prode-

91 1960 166 2025 ‚ret
208 1951 253 2008 Ad
268 1951 333 2019 hoc,
349 1951 491 2026 collegam
505 1970 587 2007 suum
598 1953 752 2010 Antonium
764 1954 908 2028 ⁸pactioue
920 1955 1035 2029 provin.
1124 1972 1128 2028 ·}

114 2044 177 2102 ciac
201 2046 374 2122 perpulerat,
399 2044 445 2101 ⁹ne
465 2056 565 2103 contra
585 2048 793 2120 rempublicam
811 2050 952 2118 sentiret,
975 2051 1035 2109 cir·
1127 2121 1128 2126 Ἰ

114 2159 180 2197 cum
193 2160 225 2196 se
240 2140 384 2213 praesidia
399 2142 556 2196 amicorum
577 2142 843 2214 atque¹⁰clicntium
856 2144 970 2201 occulte
980 2145 1036 2203 ha.
1127 2155 1128 2158 ’

113 2234 209 2289 bebat.
252 2232 405 2306 Postquam
425 2234 486 2289 dies
510 2234 709 2291 ¹¹comitiorum
723 2237 809 2301 venit,
834 2247 863 2305 et
888 2236 1036 2301 Catilinae

114 2349 207 2403 neque
221 2328 328 2403 petitio,
343 2347 436 2402 neque
451 2327 572 2385 insidiae
587 2347 658 2401 quas
680 2328 865 2383 ¹²consulibus
887 2327 916 2382 in
930 2347 1039 2406 campe

114 2425 233 2492 fecerat,
245 2412 383 2497 prospere
399 2442 541 2491 cessere;
575 2422 719 2487 constituit
742 2422 850 2478 bellurn
872 2420 981 2491 facere,
1006 2437 1038 2483 et

115 2510 244 2574 extrema
258 2518 354 2574 omnia
369 2518 503 2593 experiri,
528 2518 662 2591 quoniam
682 2536 756 2589 quae
779 2516 891 2580 occulte
906 2526 1037 2575 tentare.

114 2620 166 2680 rut,
178 2612 302 2689 ”aspera
316 2612 455 2686 foedaque
471 2621 638 2669 evenerant.
692 2639 696 2642 «

154 2706 274 2763 XXVII.
301 2707 410 2763 Ierrun
432 2706 468 2761 C.
485 2706 626 2785 Manlium
646 2703 808 2760 ¹4Faesulas
827 2715 911 2780 atque
927 2706 954 2761 in
968 2725 1040 2766 eam

117 2806 226 2873 partem
248 2798 392 2864 Etruriae,
419 2798 589 2875 Septimium
611 2798 771 2866 neumam,
785 2798 981 2868 ¹⁵Camertem,
1005 2802 1039 2859 in

115 2893 235 2967 ¹⁶agrum
246 2891 395 2959 Picenum,
407 2890 463 2945 ΠΟ.
475 2890 493 2945 J
496 2817 794 2997 nliurmiffilApnliam
806 2893 910 2949 dimisit
922 2914 930 2961 ;
952 2911 1039 2967 prae-

110 2985 196 3042 terea
208 2986 295 3041 aliurn
306 2985 372 3053 alio,
388 2985 493 3058 ¹⁹quem
504 2971 806 3059 ubique'o'pportunum
818 2986 966 3042 credebat.
989 2986 1039 3045 In.

116 3089 197 3137 terea
208 3080 319 3135 Romae
329 3082 418 3141 multa
427 3080 511 3135 simul
520 3080 630 3140 moliri:
653 3081 763 3136 consuli
772 3080 891 3135 insidias
905 3081 1038 3152 tendere,

116 3192 220 3249 parare
236 3174 380 3242 incendia,
395 3182 553 3247 opportuna
561 3176 628 3230 loca
636 3175 754 3230 armatis
766 3174 927 3229 hominibus
940 3174 1039 3234 ²⁰cbsi.

117 3268 202 3325 dere:
225 3267 286 3343 ipse
296 3268 382 3323 ²¹cum
393 3268 451 3324 telo
461 3268 618 3342 esse,.item
629 3269 700 3324 alios
708 3267 829 3341 ³²jubere
840 3286 848 3321 ε
870 3267 986 3337 hortari,
997 3272 1038 3329 uti

118 3380 233 3438 semper
241 3362 341 3419 intenti
351 3362 498 3437 paratique
505 3371 618 3422 essent:
633 3361 696 3417 dies
704 3369 860 3435 noctesque
869 3360 1039 3440 ”festinata
