2259 4050
380 309 541 387 Srmusuu
561 307 729 369 Canum.
973 317 1011 376 lt

74 462 192 540 quibus,
226 461 404 539 reipublicae
427 467 636 542 magnitudine,
664 467 734 526 belli
761 467 846 524 timor
868 469 1009 544 insolitus,

7 593 8 600 κ
75 559 241 617 ¹adflictare
247 577 335 629 sese3
351 570 454 616 manus
463 561 610 636 supplices
622 563 658 619 ad
670 563 786 619 coelum
796 563 935 636 tendere3
956 569 1010 625 mi.

76 652 172 711 serari
183 639 289 726 parvos
297 653 420 724 liberos3
442 652 598 732 ssrogitare3
619 657 716 714 omnia
726 677 853 732 pavere,
875 661 1012 737 superbia

7 743 8 746 ’
77 756 164 822 atque
179 747 294 804 deliciis
308 749 432 818 omissis,
448 749 501 805 sibi
516 751 685 825 patriaeque
700 753 843 810 diffidere.
877 757 916 812 At
930 755 1010 814 Cati·
1065 775 1072 782 ·

77 841 156 902 linae
181 842 312 918 crudelis
335 843 449 901 animus
476 847 583 903 eadem
600 846 652 902 illa
673 851 817 919 movebat,
832 849 945 907 ³tamen
955 851 1010 908 etsi

7 995 8 998 ,
77 936 227 1012 praesidia
247 939 433 1012 parabantur,
456 948 486 997 et
507 940 571 1016 ipse
585 941 662 1018 ⁴lege
685 942 799 1000 Plautia
816 944 1010 1024 interrogatus

77 1033 115 1090 ab
130 1030 178 1090 ⁵L.
195 1031 307 1103 Paullo.
339 1032 509 1104 ‘Postrema
525 1035 724 1093 dissimulandi
738 1057 854 1108 caussa,
867 1049 954 1115 atque
964 1043 1010 1100 sui
1059 1106 1062 1113 s

78 1126 269 1202 expurgandi,
279 1127 364 1184 sicuti
385 1127 489 1204 ⁷jurgio
498 1130 654 1187 lacessitus
663 1132 748 1200 foret,
767 1133 808 1188 “in
819 1143 951 1191 senatum
964 1155 1010 1194 ve·
1033 1152 1085 1195 x

78 1221 129 1280 nit.
151 1221 229 1278 Tum
238 1220 282 1276 M.
290 1221 405 1278 Tullius
415 1224 526 1292 consul,
536 1225 598 1281 sive
606 1225 815 1300 *praesentiam
823 1229 886 1302 ejus
895 1229 1010 1300 timens,

79 1335 131 1372 scu
153 1315 198 1372 ira
213 1326 383 1390 commotus
407 1317 589 1376 ¹⁰orationem
610 1322 710 1378 habuit
732 1324 910 1382 luculentam
924 1335 1009 1400 atquc

78 1411 179 1470 utilem
193 1409 391 1485 reipublicae}
413 1413 521 1488 ¹¹quam
532 1425 635 1489 postea
648 1404 787 1491 scriptam
798 1410 896 1476 edidit.
940 1421 1010 1490 Sed,
1021 1483 1025 1486 ,

78 1505 127 1562 ubi
138 1506 188 1562 ille
198 1505 341 1576 ¹²adsedit,
356 1507 494 1577 Catilina,
508 1518 539 1565 ut
550 1519 613 1566 erat
621 1520 739 1583 paratus
748 1513 785 1566 ad
801 1512 1011 1571 dissimulanda

7 1609 8 1612 ’
78 1601 185 1669 omnia,
201 1601 328 1658 demisso
347 1604 435 1671 voltu,
459 1621 532 1660 voce
558 1604 682 1678 supplici
698 1599 899 1678 postulare,'“
908 1606 1011 1666 Patres

61 1708 65 1718 ’
80 1695 237 1769 conscripti
259 1715 298 1752 ne
317 1696 385 1770 quid
404 1697 440 1754 de
452 1717 485 1755 se
505 1707 619 1756 temere
635 1692 790 1757 credere‘nt
806 1715 828 1756 :¹
849 1721 886 1758 ea
899 1701 1011 1761 familia

7 1801 9 1830 f
79 1801 182 1859 ortum,
193 1791 237 1852 ita
248 1791 284 1849 ab
296 1791 495 1850 adolescentia
505 1794 593 1855 vitam
604 1794 772 1862 instituisse,
785 1807 815 1853 ut
826 1795 946 1855 ¹³omnia
958 1800 1008 1856 bo·

7 1921 8 1924 =
80 1905 122 1945 ua
132 1886 162 1942 in
177 1905 228 1960 spe
244 1887 383 1944 haberet:
406 1907 443 1944 ne
459 1899 664 1959 aestumarent,
680 1891 735 1946 sibi
753 1893 875 1965 patricio
890 1894 1010 1964 homini,
1068 1911 1070 1915 ·

7 2036 8 2039 ,
78 1980 185 2057 14οιῄιιε
196 1981 285 2055 ipsius
297 1990 381 2057 atqua
392 1983 532 2059 majorum
542 1984 668 2061 plurima
684 1987 832 2043 beneficia
850 1988 879 2045 in
893 1990 1010 2063 plebem

80 2078 245 2135 Romanam
260 2088 367 2147 essent,
391 2080 504 2153 perdita
517 2080 669 2154 republica
685 2098 758 2153 opus
772 2099 849 2149 esse,
864 2100 930 2162 cum
942 2090 1011 2140 'eam
1055 2106 1058 2109 ·
1088 2071 1090 2074 ¹

80 2154 212 2231 seruaret
224 2174 266 2231 Μ.
277 2174 401 2243 tullius,
416 2174 591 2248 1⁵inquilinus
603 2174 676 2230 civis
687 2175 766 2231 urbis
778 2164 924 2274 Romaess'
965 2177 1011 2237 Ad

81 2272 139 2327 hoc
154 2269 323 2327 maledictia
341 2270 400 2325 alia
415 2288 481 2325 cnm
492 2269 622 2339 adderet,
640 2271 808 2346 obstrepere
820 2292 932 2342 omnes,
946 2276 1011 2331 hos·

79 2375 140 2423 tem
156 2372 242 2438 atque
267 2364 462 2439 ¹⁶parricidam
476 2384 594 2421 vocare.
636 2365 715 2421 Tum
741 2366 792 2423 ille
820 2366 1010 2424 furibundus:

7 2484 8 2531 ἦ
82 2460 258 2525 “Quoniam
281 2460 397 2534 quidem
420 2459 777 2532 circumventus‚''inquit,
801 2468 819 2495 “
830 2464 866 2517 ab
886 2457 1012 2519 inimicis

80 2574 226 2631 praeceps
239 2573 318 2631 agor,
333 2554 519 2611 ¹7incendium
534 2572 632 2610 meum
645 2554 729 2609 ruina
742 2555 953 2629 restinguam.''

121 2649 243 2711 XXXII.
261 2650 344 2707 Danu
355 2670 387 2707 se
402 2670 439 2707 ex
454 2649 535 2706 curia
547 2648 663 2704 domum
677 2648 815 2722 proripuit
831 2667 838 2716 3
869 2647 909 2702 ibi
924 2650 1014 2707 multa

7 2782 8 2821 p
81 2766 185 2804 secum
199 2747 261 2820 ipse
276 2746 417 2816 volvens;
439 2745 514 2819 quod
526 2763 621 2819 neque
644 2742 787 2810 ¹⁸insidiae
812 2743 925 2800 consuli
948 2764 1014 2821 pro·
1072 2826 1078 2833 ι

7 2828 8 2877 Ῐ
82 2842 237 2911 cedebant,
250 2852 279 2897 et
293 2843 329 2898 ab
344 2841 478 2897 incendio
490 2841 680 2916 intellegebat
693 2840 794 2895 urbem
805 2838 912 2917 vigiliis
923 2841 1014 2899 muni·

81 2947 152 3006 tam,
176 2936 343 3011 ¹⁹optumum
366 2936 474 2993 factum
500 2936 637 3003 medena,
659 2934 818 2991 exercitum
831 2956 953 3012 augere,
979 2957 1015 2996 ac
1106 2954 1114 2971 ·

84 3032 172 3106 prius,
183 3051 270 3107 quam
279 3032 434 3109 ²⁰legiones
444 3032 650 3098 scriberentur,
661 3038 837 3105 antecapere
848 3050 923 3106 quae
937 3033 1016 3092 bello
1104 3102 1116 3117 ,

81 3124 147 3183 usui
162 3127 280 3198 loreuta
302 3126 692 3201 mnocttaintempesta²⁰cum
703 3126 807 3201 paucis
818 3125 849 3183 in
864 3127 1016 3187 Manliana

84 3233 182 3281 castra
196 3224 344 3300 proiectus
359 3233 413 3280 est.
461 3222 520 3280 Sed
541 3222 676 3299 Cethego
690 3232 776 3297 atquc
786 3222 922 3294 Lentulo,
937 3236 1016 3282 cete·

83 3318 182 3393 risque
205 3340 326 3396 quorum
337 3318 526 3397 'cognoverat
550 3328 692 3393 promtam
707 3320 870 3389 audaciam,
889 3320 1015 3388 mandat,

84 3415 189 3490 quibus
203 3418 291 3473 rebus
305 3424 433 3491 possent,
451 3435 522 3492 opes
544 3415 680 3472 factionis
699 3416 881 3484 confirment,
896 3412 1017 3471 insidias

84 3512 199 3572 consuli
211 3518 365 3581 maturent,
377 3512 510 3581 caedem,
524 3511 671 3579 incendia,
682 3511 796 3585 aliaque
808 3509 877 3567 belli
885 3506 1018 3569 facinora
