2259 4050
291 355 295 364 -
320 314 486 375 eruum
505 316 686 377 lucerent.
731 319 734 327 '
930 318 973 373 98

52 482 120 552 runt.
159 472 260 531 Nostri
273 443 535 549 piimoreaisteie:
556 474 673 543 deinde,
701 473 751 531 ubi
774 473 861 531 ¹uuae
884 482 971 547 etque

53 569 154 625 alterae
179 568 280 625 scalae
303 568 510 637 comminutae,
533 569 582 642 qui
606 578 836 643 supersteterant
863 568 971 625 adflicti

52 671 125 731 uint3
146 662 248 731 ceteri,
258 661 385 736 ²quoquo
394 660 482 725 modo
495 673 626 737 potuere,
645 665 730 738 pauci
750 662 866 740 integri,
881 682 971 739 meg-

52 774 160 831 napara
174 756 301 813 consecti
322 757 488 815 volneribus
506 759 625 815 abeam.
668 752 803 833 Denique
826 758 980 831 utrimque,
992 777 1013 806 s

52 851 180 924 praelium
194 870 254 909 nox
266 851 391 911 diremit.

84 943 158 1002 LXI.
173 946 354 1016 Menenius,
368 934 519 1021 postquam
532 946 611 1003 videt
624 946 730 1003 frustra
750 946 907 1021 inceptum,
922 966 971 1003 ue·

51 1056 97 1111 que
108 1040 244 1117 oppidum
259 1042 337 1117 capi,
358 1060 455 1115 neque
468 1041 488 1097 J
490 1042 654 1119 ugurtham,
668 1041 724 1099 nisi
739 1060 776 1097 ex
786 1038 907 1111 insidiis,
923 1053 971 1098 aut

50 1130 103 1190 buo
115 1135 180 1193 loco
193 1155 326 1214 pugnem
339 1136 449 1205 facere,
463 1145 494 1192 et
507 1137 572 1209 jam
590 1145 733 1193 aestatem
748 1145 882 1192 exactam
894 1156 970 1205 esse,

20 1285 21 1288 ,
50 1229 80 1284 ub
92 1230 181 1289 Zama
190 1231 338 1301 discedit3
360 1240 390 1288 et
403 1231 490 1288 inhia
503 1232 632 1300 urbibus,
656 1248 731 1305 quae
747 1231 782 1287 ad
803 1250 834 1287 se
854 1231 969 1287 desece-

50 1334 118 1393 rant,
126 1327 255 1401 satisque
271 1326 399 1385 munitae
413 1327 490 1395 loeo,
502 1335 550 1383 aut
559 1327 710 1405 moenibus
722 1335 814 1395 erant,
826 1326 971 1400 praesidia

50 1417 165 1494 imponit.
207 1420 363 1479 ⁴Ceterum
377 1421 536 1479 exereitum
550 1421 581 1478 in
595 1421 775 1496 provinciam
797 1421 864 1495 ⁵que
888 1441 971 1495 prox·

51 1526 163 1573 umaeat
175 1517 338 1575 Numidiae
361 1517 509 1575 hiemandi
530 1516 627 1592 gratie
646 1507 780 1571 collocet.
823 1516 928 1587 Neque
943 1516 970 1571 id

25 1619 29 1629 ’
49 1617 159 1685 tempus,
173 1632 213 1671 ex
226 1612 354 1670 aliorum
366 1630 457 1680 more,
471 1610 573 1685 quieti,
598 1618 647 1665 aut
669 1608 800 1665 luxuriae
816 1609 971 1666 concedit:

50 1704 101 1776 ted,
114 1703 263 1781 'quoniam
287 1706 376 1763 armia
399 1706 509 1763 bellum
523 1722 624 1781 parum
639 1703 826 1781 procedebat,
850 1704 971 1763 insidias
1047 1760 1049 1766 .

48 1800 101 1876 regi
113 1822 166 1877 per
177 1804 296 1861 amicos
310 1802 440 1871 tendere,
455 1810 600 1857 eteorum
614 1798 738 1875 perfidia
761 1817 814 1873 pro
829 1800 916 1857 armis
930 1799 971 1858 uti

46 1906 126 1968 parat.
145 1933 148 1937 <
166 1899 268 1976 Igitur
281 1898 487 1974 Bomilcarem,
502 1897 549 1971 qui
564 1896 676 1952 Romae
693 1910 759 1950 oum
770 1894 914 1970 Jugurtha
927 1894 970 1951 fu·
997 1971 1004 1981 Ι

44 2001 104 2064 erat,
114 2006 143 2054 et
152 1996 234 2065 inde,
247 1993 378 2052 -vadibus
392 1992 477 2071 datis,
493 1992 571 2048 clem
579 1990 727 2048 Massivae
737 1989 773 2047 de
785 2008 859 2047 nece
867 1990 971 2064 judici·

45 2103 86 2143 um
97 2089 220 2167 fugerat,
237 2088 320 2163 quod
334 2089 373 2155 ei,
396 2087 460 2161 ⁶per
473 2101 639 2142 maxumam
655 2084 822 2151 amicitiam,
837 2101 974 2164 mexume
1062 2087 1069 2096 ‘

45 2169 118 2258 iopia
125 2184 341 2250 sallendierat,
353 2180 450 2236 multis
460 2177 714 2252 pollicitationibus
729 2177 913 2254 adgreditur3
936 2197 972 2256 ac
999 2210 1001 2224 ·

19 2324 20 2359 ,
46 2277 125 2348 prime
138 2280 245 2348 efficit,
260 2276 301 2334 uti
316 2275 353 2333 ad
367 2291 399 2330 ae
414 2272 596 2347 colloquendi
606 2271 701 2348 gratia
715 2273 847 2330 occultus
858 2274 972 2330 veniat:

19 2362 20 2371 ’
46 2369 102 2430 dein
126 2375 185 2432 lide
200 2375 285 2439 date,
305 2371 357 2426 “ai
371 2369 546 2445 Jugurtmm
564 2367 661 2423 vivum
676 2376 724 2424 aut
738 2376 875 2450 necetum
887 2367 973 2426 tradi·

47 2463 132 2538 disset,
144 2470 220 2536 sore,
232 2476 268 2523 ut
281 2465 326 2524 illi
337 2473 456 2520 senatus
470 2461 670 2535 impunitatem
689 2470 718 2518 et
728 2481 781 2518 sua
792 2461 889 2518 omnia
904 2481 972 2519 con.

46 2560 185 2634 cederet,”
200 2560 294 2620 facile
306 2557 453 2616 Numidae
467 2554 632 2631 persuadet,
647 2573 713 2610 oum
732 2555 849 2631 ingenio
873 2554 972 2626 infido,

19 2702 20 2743 p
47 2662 96 2713 tum
108 2651 266 2725 metuenti,
281 2673 329 2723 ne,
350 2653 375 2710 si
395 2671 453 2728 pax
467 2668 544 2730 ,cum
558 2648 699 2707 Romanis
713 2647 806 2717 fieret,
832 2647 893 2722 ipse
921 2667 974 2724 per

46 2752 220 2811 conditiones
236 2750 275 2808 ad
289 2747 462 2824 supplicium
475 2745 648 2802 traderetur.

77 2844 170 2906 Lxu.
188 2848 232 2916 Is,
245 2845 293 2902 ubi
308 2844 431 2920 primum
445 2849 646 2916 opportunum,
660 2837 678 2894 J
680 2837 834 2915 ugurtham
856 2839 974 2897 anxium

46 2953 73 2994 to
85 2943 282 3000 miserentem
296 2938 425 2996 fortunas
436 2955 505 2993 auae
516 2934 632 2991 accedit
645 2955 651 2990 :
673 2942 771 2991 monet
782 2944 867 3008 atque
878 2935 972 2991 laoru.

47 3047 118 3092 unns
131 3039 310 3104 obtestatur,
339 3040 358 3067 “
368 3032 407 3088 uti
430 3029 585 3105 aliquando
611 3028 664 3084 sibi
680 3028 835 3102 liberisque
851 3037 879 3086 et
893 3031 974 3105 genti

44 3121 246 3199 Numidarum,
269 3138 385 3205 optume
400 3125 533 3193 merenti,
557 3123 724 3198 provideat:
746 3124 877 3180 omnibus
891 3143 975 3198 prae.

45 3218 84 3278 liis
95 3245 167 3284 sese
183 3226 291 3293 victos,
314 3239 417 3300 agrum
438 3229 591 3288 vastatum,
613 3217 717 3278 multos
732 3218 860 3276 mortalis
874 3229 976 3294 captos

44 3327 86 3376 am
98 3321 235 3390 occisos,
248 3319 333 3396 regni
346 3334 418 3392 opes
428 3316 621 3397 comminutas
632 3332 715 3371 esee:
737 3313 807 3370 satis
818 3331 907 3387 saepe
912 3313 976 3386 jem

43 3419 68 3466 et
77 3415 224 3473 virtutem
238 3413 371 3482 militum,
395 3422 425 3469 et
438 3411 582 3470 fortunam
605 3417 766 3467 tentatam:
787 3413 913 3472 caveret,
927 3423 977 3474 ne,
1070 3422 1074 3427 ’

43 3501 85 3565 lllo
98 3518 280 3579 cunctante,
290 3493 442 3567 Numidae
456 3507 511 3564 sibi
522 3501 708 3581 consulent?
747 3499 804 3559 His
818 3509 902 3574 atque
913 3497 979 3558 tali.
