2259 4050
78 281 82 289 ¹
163 297 175 317 '¹
228 334 232 362 2
298 298 655 385 smusqntueunm„
780 309 787 321 “
865 302 920 363 ruz

55 450 216 512 LXXXIII.
244 454 353 514 Ier'run
377 476 413 514 eo
426 457 522 533 delore
536 453 695 533 impeditus,
710 468 738 516 et
751 460 817 533 quie'
831 463 917 519 surlti·

18 547 72 605 tiae
85 548 232 606 videbatur
244 550 368 608 alienam
380 570 441 609 rem
461 553 606 629 periculo
608 572 659 611 suo
673 573 784 624 curare,
809 556 919 633 legatos

20 643 54 710 ad
63 643 211 706 Bocchum
218 645 310 716 mittit,
320 648 528 735 postulatumffl
537 667 574 704 ne
585 649 651 705 sine
661 667 764 706 caussa
774 652 864 708 hostis
870 670 918 726 pe

21 739 82 813 pulo
95 737 224 803 Romane
237 740 337 797 fieretr
358 742 464 799 habere
478 761 544 799 eum
552 743 696 821 'magnam
706 746 817 819 copiam
828 736 919 803 socie

22 833 82 890 tatis
94 834 293 909 amicitiaeque
307 836 534 913 conjungendae,
548 858 621 912 quse
635 840 726 913 potior
738 841 812 897 bello
827 850 918 898 esset:

24 946 184 1002 qiemqusm
195 930 296 1005 opibus
309 932 475 1001 confideret,
489 952 545 989 uon
559 933 664 989 debere
673 934 782 991 incerte
795 954 845 1010 pro
857 954 918 993 cer-

24 1021 53 1079 n's
65 1033 189 1085 mutere:
210 1024 304 1083 'omne
316 1026 420 1083 bellum
428 1027 501 1083 sumi
510 1026 605 1096 facile,
615 1032 740 1101 ceterum
750 1011 917 1105 aegerrume

24 1116 166 1176 desinere:
187 1132 244 1192 non
256 1120 285 1177 in
295 1121 422 1195 ejusdem
436 1130 576 1196 potestate
591 1121 700 1179 Initium
714 1123 776 1197 ejus
790 1132 818 1180 et
833 1126 918 1182 linem

23 1231 101 1269 osse:
121 1214 249 1289 incipere
263 1216 363 1285 cuivis,
378 1216 464 1273 etiem
483 1216 588 1292 ignavo
602 1218 708 1288 licere'3
730 1217 832 1293 deponi
854 1238 919 1277 cum

25 1307 138 1365 victores
151 1310 256 1367 velint:
277 1310 394 1386 proinde
416 1311 469 1368 sibi
493 1327 638 1397 regnoque
663 1314 832 1383 consuleret,
861 1310 917 1373 neu

24 1401 141 1460 florentis
153 1424 200 1461 res
213 1424 281 1476 suns
295 1424 362 1466 cum
373 1405 533 1486 Iugurthae
546 1407 675 1483 ³perditis
689 1408 853 1465 misceret.”
873 1409 918 1468 Ad

24 1515 116 1555 carex
128 1500 198 1556 satir
219 1501 331 1575 placide
352 1504 441 1559 verba
462 1501 548 1574 facit:
571 1508 660 1558 “sese
682 1520 783 1577 pacem
804 1500 919 1577 cupere,

23 1593 67 1650 sed
78 1593 240 1671 Iugurthae
251 1596 425 1653 fortunarum
438 1596 569 1653 misereri
581 1618 588 1666 3
610 1596 644 1651 ⁴si
659 1595 760 1653 eedem
781 1596 820 1653 illi
836 1598 919 1672 copie

23 1688 106 1760 fieret,
133 1691 229 1747 omnia
252 1690 455 1765 conventura.''
509 1690 618 1747 Rursus
637 1690 791 1765 imperator
809 1692 918 1750 ⁵c0ntrs

23 1786 154 1857 postulatu
179 1784 291 1858 Bocchi
317 1786 438 1844 nuncios
459 1785 561 1844 mittit:
582 1787 641 1843 ⁰ille
660 1778 789 1865 probare,
818 1789 918 1867 pertim

11 1880 150 1937 lsbnuere.
192 1881 237 1937 Eo
251 1881 334 1939 modo
346 1900 433 1957 saepe
444 1883 480 1938 ab
496 1891 613 1957 utroque
626 1882 720 1941 missis
736 1884 919 1959 remissisque

21 1976 135 2047 nunciis,
147 1986 260 2053 tempus
273 1977 440 2054 procedere,
454 1986 493 2048 et,
512 1997 548 2039 ex
562 1978 674 2035 Metelli
687 1978 838 2048 voluntate,
860 1980 919 2036 bel
955 1990 957 1992 ’
1017 1982 1019 1993 “
1058 2045 1062 2054 Δ

11 2069 72 2128 lum
81 2073 228 2130 ⁷intac'tum
242 2073 326 2130 trahi.

53 2166 213 2239 LXXXIV.
243 2170 292 2226 Ar
306 2168 425 2237 Marius,
439 2177 469 2225 ut
482 2186 569 2243 supra
582 2116 712 2250 diunius,
724 2165 919 2244 'cupientissu-

11 2266 60 2320 ‘na
69 2263 155 2339 plebe
169 2265 275 2337 como}
281 2263 384 2334 Iactus,
397 2272 545 2370 postquem
562 2263 590 2319 ei
606 2263 783 2338 provinciam
793 2263 920 2323 Numidi·

17 2375 59 2415 sm
73 2353 218 2434 populus⁹
212 2359 310 2435 jussit,
325 2353 411 2416 antee
420 2357 483 2435 js'm
495 2357 615 2417 infestus
625 2359 773 2428 nobilitati,
783 2360 847 2417 tum
853 2379 921 2418 vero

17 2451 138 2512 ”multus
151 2463 235 2529 atque
249 2441 329 2513 ferox
343 2447 468 2528 instare:
490 2453 618 2528 singulos
641 2454 734 2522 modo,
754 2454 838 2512 modo
851 2449 930 2527 flul.

19 2566 113 2608 versos
123 2549 240 2608 laedere
253 2570 261 2608 ι
281 2548 422 2618 dictitare,
437 2554 530 2604 “sese
544 2547 722 2604 consulatum
736 2566 773 2604 ex
794 2548 876 2604 victis
889 2548 921 2604 it.

17 2641 47 2700 lis
59 2645 154 2720 spolia
167 2645 280 2721 cepisse
291 2643 321 2715 ;'’
341 2644 399 2702 elia
411 2630 563 2719 praetereo
572 2641 746 2719 ¹¹magnifice
759 2657 810 2716 pro
830 2659 872 2712 se,
893 2652 922 2700 et
953 2639 958 2654 ⁸

17 2737 68 2796 illis
80 2740 218 2800 dolentia.
258 2739 385 2809 Interim,
396 2757 470 2814 quae
483 2738 558 2795 bello
566 2755 638 2812 opus
649 2744 740 2806 erent,
751 2737 863 2812 ”prims
872 2737 922 2796 hs·

16 2832 98 2894 bere:
121 2835 263 2913 postulare
277 2830 436 2913 legionibus
449 2834 688 2910 supplementum,
703 2833 809 2890 surrilis
832 2853 850 2891 a
874 2853 922 2910 po·

11 2929 84 3002 ‘pulis
96 2939 129 2990 et
142 2930 263 3008 regibus
269 2930 412 3006 sociisque
426 2947 594 2987 arcessere.
617 2937 768 3004 praeterea
782 2947 819 2986 ex
836 2926 924 2988 Latio

19 3020 206 3084 lonissnmum
219 3044 369 3117 quemque,
379 3024 553 3101 13plerosque
572 3023 701 3093 militiae,
727 3043 834 3099 peuces
848 3024 926 3086 fama

20 3121 145 3198 cognitos
159 3121 267 3192 accire,
280 3130 309 3181 et
327 3108 501 3180 “ambiendo
515 3137 621 3200 cogere
645 3118 775 3177 homines
799 3121 925 3180 emerius

19 3213 163 3291 ttipcndiis
179 3216 294 3296 [secum
305 3215 476 3293 proticisci]
517 3215 621 3290 Neque
635 3214 676 3273 illi
687 3223 812 3285 senatus,
827 3233 925 3292 quam.

19 3324 98 3383 crem
112 3311 252 3370 advorsus
260 3310 331 3382 erat,
342 3311 379 3370 ds
387 3310 571 3389 ullonegotio
579 3311 705 3368 abnuere
717 3310 856 3384 audebat3
878 3331 925 3370 ee.

20 3409 107 3465 temm
121 3407 352 3484 supptementum
365 3391 556 3466 etiainlcetus
574 3404 760 3464 decreverat:
781 3405 868 3481 ¹’quie
876 3425 925 3464 ue.

19 3517 67 3576 φο
79 3501 163 3582 plebi
174 3501 275 3561 militia
287 3503 393 3562 volenti
415 3503 575 3578 putabunt,
602 3508 632 3558 et
657 3499 768 3557 Marius
791 3508 841 3558 sut
857 3499 925 3559 belli
