2259 4050
1126 289 1128 334 l

146 313 185 374 12
260 311 302 336 ‘⁴
351 281 354 289 .
438 309 603 368 Sannum
623 306 788 401 Onnum.

144 467 212 525 boni
224 465 321 541 ¹quum
334 465 430 540 plures
444 463 619 540 praesidium
632 462 662 518 in
672 481 708 520 eo
719 462 880 537 putabunt:
901 457 1003 532 etjam
1011 465 1076 515 tum
1126 476 1127 479 ¹

145 560 273 635 potentin
286 559 343 616 Cn.
359 557 488 632 Pompeii
499 554 769 613 somiidolosuerat.
810 554 872 610 Sed
894 553 920 609 is
933 551 1011 629 l’iso,
1033 550 1077 609 'in

144 653 292 728 provincia
316 653 353 707 nb
375 650 515 725 equitibus
540 649 690 725 Hispanis,
717 667 788 726 qnos
811 648 841 704 in
856 646 986 704 exercitu
1004 644 1076 701 duc·
1126 658 1127 663 ’

145 747 233 814 tabat,
248 743 426 801 iterfaciens
440 744 556 802 occisus
567 753 621 800 est.
663 742 748 800 ³Sunt
769 741 817 816 qui
840 741 881 798 ito
899 740 1007 808 dicant,
1022 739 1076 795 im-

145 839 226 912 peria
240 839 304 912 ejus
314 838 429 912 injuste,
452 839 586 911 superba,
601 834 741 906 crudelia,
755 838 896 892 barbaros
909 832 1076 906 nequivisse
1127 822 1128 829 ἵ

145 931 219 1006 putiz
241 931 289 988 alii
304 941 409 1001 autem,
425 916 537 1005 equites¹
549 931 624 1001 illos,
633 931 701 988 ⁴Cn.
714 929 845 1005 Pompeii
858 937 975 985 veteres
988 926 1076 982 fidos·

146 1042 200 1098 que
227 1025 357 1095 clientes,
385 1025 529 1086 voluntate
554 1026 618 1099 ejus
632 1025 767 1081 Pisonem
780 1024 970 1098 ⁵adgressos3
991 1037 1076 1076 num·

145 1136 231 1192 quern
242 1117 389 1194 Hispanos
402 1119 566 1194 “praeterea
580 1118 638 1174 tole
652 1116 766 1173 facinus
780 1116 897 1183 fecisse,
918 1113 971 1171 sed
984 1113 1075 1188 impe·
1128 1154 1129 1197 p

144 1211 189 1268 rin
203 1213 391 1269 suevamultu
405 1221 491 1268 antea
502 1229 669 1288 perpessos.
711 1211 776 1267 Nos
786 1227 853 1268 cnm
862 1207 1075 1266 reminmedio
1128 1208 1129 1245 l

144 1304 360 1378 'relinquemus
401 1303 447 1360 De
457 1305 604 1378 superiore
619 1304 817 1377 conjuratione
833 1303 902 1359 sotis
913 1302 1034 1358 dictum.
1128 1308 1129 1319 ¹

184 1397 249 1454 XX.
266 1397 421 1454 Cnnrmvn
431 1397 480 1453 ubi
491 1415 550 1466 eos,
562 1415 633 1471 quos
643 1397 740 1472 paullo
750 1406 817 1453 unte
827 1394 994 1467 memoravi,
1006 1413 1075 1451 con·
1128 1418 1129 1447 l

145 1490 261 1548 venisse
275 1491 353 1548 videt
365 1512 372 1562 ;
395 1485 510 1548 tametsi
524 1510 592 1548 cum
605 1489 727 1566 singulis
740 1491 831 1548 multu
852 1507 941 1564 saepe
964 1498 1075 1564 egerat,

145 1593 242 1641 tamen
256 1585 296 1642 ⁸in
309 1605 372 1642 rem
385 1584 447 1642 fore
463 1586 587 1672 cpedens
601 1585 751 1641 universos
763 1584 909 1659 adpellare
929 1591 959 1640 et
972 1583 1075 1654 pohor-

146 1677 210 1746 tari,
224 1679 254 1735 in
269 1679 394 1735 abditam
408 1687 520 1753 purtem
533 1679 661 1735 ’aedium
675 1679 828 1750 ¹⁰secedim
850 1687 936 1751 atquc
949 1676 999 1745 ibi,
1014 1695 1074 1733 om-

146 1770 233 1827 nibus
246 1771 382 1828 ¹¹arbitris
395 1772 496 1846 procul
511 1773 624 1842 amotis,
635 1773 795 1830 orationem
809 1769 1011 1847 hujuscemodi
1023 1770 1074 1827 hu.

147 1863 218 1920 buit.
262 1865 327 1921 “Ni
340 1866 428 1922 virtus
443 1866 680 1940 fidesquevestra
702 1866 856 1941 {²spcctntn
878 1864 948 1922 mihi
970 1862 1075 1934 forent,

146 1957 338 2034 nequidquam
347 1968 506 2035 opportuna
513 1977 561 2016 res
571 1960 740 2032 cecidissem
762 1979 830 2037 spes
838 1977 955 2037 magne,
963 1957 1075 2015 ¹³domi-

146 2052 234 2124 nutio,
248 2054 278 2111 in
291 2055 424 2111 munibus
438 2053 544 2112 frustra
558 2053 702 2111 fuissent:
724 2054 839 2129 ¹⁴nequc
857 2074 913 2131 ego
926 2070 980 2131 per
992 2051 1075 2129 igne·

146 2144 233 2216 viani,
247 2159 296 2205 aut
309 2168 386 2205 vana
398 2148 524 2225 ingenia,
539 2149 652 2206 incerto
662 2168 714 2225 pro
725 2150 812 2206 certis
823 2157 981 2223 copenrem.
1004 2146 1075 2218 Sed,

47 2268 49 2276 ·
147 2238 215 2313 quia
224 2241 320 2299 multis
334 2250 364 2297 et
375 2243 488 2317 magnis
498 2242 737 2317 ¹⁵tempestatibus
747 2261 799 2299 vos
809 2240 932 2317 cognovi
942 2239 1031 2297 fortes
1041 2240 1075 2298 fi.

147 2332 255 2407 desque
269 2334 349 2405 mihi,
359 2354 399 2391 eo¹
409 2336 521 2392 animus
534 2335 643 2392 ¹⁰susus
656 2354 822 2392 maxumum
840 2343 925 2408 atque
941 2334 1075 2409 pulcher.

147 2444 260 2484 rumum
271 2427 385 2485 facinus
395 2429 561 2504 ¹⁷incipere:
584 2430 679 2500 simul,
690 2429 757 2503 quin
767 2427 848 2486 vobis
857 2427 1075 2503 ”eademqne
1087 2426 1092 2435 '

148 2520 228 2591 mihi,
239 2524 316 2579 bona
327 2524 458 2598 malaque
470 2522 599 2581 intellexi
610 2545 617 2593 ;
640 2523 728 2580 l”num
741 2524 819 2580 idem
829 2522 1000 2597 vellentque
1012 2524 1075 2581 nol.

147 2615 185 2686 le,
193 2634 230 2673 en
240 2616 356 2674 demum
367 2618 586 2675 firmunmicitia
596 2624 650 2673 est.
673 2618 743 2685 Sed,
754 2637 810 2693 ego
821 2636 895 2692 quae
906 2625 1002 2674 mente
1013 2618 1075 2694 agi.

147 2710 215 2781 tavi,
229 2730 330 2768 omnes
337 2712 400 2785 jam
411 2720 498 2767 antee
507 2709 635 2766 ”diversi
650 2709 778 2767 audistis.
815 2704 953 2768 Cetc‘rum
962 2708 1033 2767 mihi
1043 2710 1077 2769 in

147 2802 210 2859 dies
221 2805 314 2879 magis
328 2805 442 2860 unimus
456 2802 634 2872 accenditur,
649 2820 715 2858 cunr
733 2803 896 2874 considero,
914 2816 989 2879 quae
1003 2822 1076 2862 con·

147 2896 217 2953 ditio
227 2888 302 2954 vitae
313 2895 409 2954 futura
419 2897 464 2965 sit,
473 2896 528 2953 nisi
543 2906 656 2954 nosmet
665 2896 719 2972 ipsi
729 2897 907 2956 vindicamus
916 2898 947 2954 in
956 2898 1075 2957 liberm.

148 3002 216 3049 tem.
238 2990 268 3049 N
270 3011 326 3061 nm,
337 3000 488 3066 postquam
498 2992 664 3065 respublica
673 2990 703 3049 in
713 3011 871 3069 pancorum
878 2992 927 3067 jus
935 3001 1021 3067 atque
1032 2992 1075 3052 di.

147 3085 255 3143 tionem
267 3084 445 3155 ”concessu
456 3104 573 3161 semper
585 3084 642 3143 illis
655 3086 943 3163 roges‚¹tetrarchue
961 3084 1074 3145 ’vecti

148 3180 333 3259 gules'esse3
355 3178 485 3256 ¹⁴populi,
503 3164 639 3237 'nationes
658 3180 801 3257 stipendia
814 3180 959 3255 pendere3
981 3180 1075 3239 ceteri

149 3290 261 3343 omnes,
275 3274 392 3343 strenui,
406 3272 484 3344 boni,
494 3274 628 3332 ”nobiles
642 3284 727 3349 etque
737 3274 889 3351 ignobiles,
903 3276 1007 3352 vulgus
1017 3274 1076 3333 fui.

148 3386 223 3438 mus,
235 3367 297 3424 sine
312 3368 414 3443 gratia,
429 3368 491 3425 sine
506 3369 687 3438 auctoritate,
698 3368 767 3426 'nis
780 3368 905 3439 obnoxii,
920 3369 1032 3444 quibus,
1046 3370 1075 3428 si

149 3448 313 3537 respublica
322 3464 442 3533 valeret,
453 3453 598 3520 formidini
608 3480 750 3520 essemus.
791 3462 996 3539 ltnqueomnis
1005 3480 1075 3541 gru·
