<?xml version="1.0" encoding="UTF-8"?>
<!DOCTYPE html PUBLIC "-//W3C//DTD XHTML 1.0 Transitional//EN"
    "http://www.w3.org/TR/xhtml1/DTD/xhtml1-transitional.dtd">
<html xmlns="http://www.w3.org/1999/xhtml" xml:lang="en" lang="en">
 <head>
  <title>
</title>
<meta http-equiv="Content-Type" content="text/html;charset=utf-8" />
  <meta name='ocr-system' content='tesseract 3.04.00' />
  <meta name='ocr-capabilities' content='ocr_page ocr_carea ocr_par ocr_line ocrx_word'/>
</head>
<body>
  <div class='ocr_page' id='page_1' title='image "./ccrispisallusti01anthgoog_0055.png"; bbox 0 0 2259 4050; ppageno 0'>
   <div class='ocr_carea' id='block_1_1' title="bbox 372 309 1011 376">
    <p class='ocr_par' dir='ltr' id='par_1_1' title="bbox 372 309 1011 376">
     <span class='ocr_line' id='line_1_1' title="bbox 372 309 1011 376; baseline -0.006 0"><span class='ocrx_word' id='word_1_1' title='bbox 372 309 536 376; x_wconf 71' lang='lat' dir='ltr'>Snnrusrr&#39;r</span> <span class='ocrx_word' id='word_1_2' title='bbox 557 315 723 375; x_wconf 69' lang='lat' dir='ltr'>camma·</span> <span class='ocrx_word' id='word_1_3' title='bbox 970 313 1011 372; x_wconf 68' lang='lat'>2⁹</span> 
     </span>
    </p>
   </div>
   <div class='ocr_carea' id='block_1_2' title="bbox 1 469 1065 3491">
    <p class='ocr_par' dir='ltr' id='par_1_2' title="bbox 1 469 1065 3491">
     <span class='ocr_line' id='line_1_2' title="bbox 71 469 1009 548; baseline -0.011 -16"><span class='ocrx_word' id='word_1_4' title='bbox 71 470 280 548; x_wconf 73' lang='lat' dir='ltr'>conjuratione</span> <span class='ocrx_word' id='word_1_5' title='bbox 293 473 466 547; x_wconf 79' lang='lat' dir='ltr'>deprehensi</span> <span class='ocrx_word' id='word_1_6' title='bbox 493 469 654 543; x_wconf 73' lang='lat' dir='ltr'>terrerent3</span> <span class='ocrx_word' id='word_1_7' title='bbox 668 479 770 546; x_wconf 83' lang='lat' dir='ltr'>&#39;eoque</span> <span class='ocrx_word' id='word_1_8' title='bbox 792 470 888 546; x_wconf 75' lang='lat' dir='ltr'>magis</span> <span class='ocrx_word' id='word_1_9' title='bbox 907 490 1009 546; x_wconf 81' lang='lat' dir='ltr'>prope.</span> 
     </span>
     <span class='ocr_line' id='line_1_3' title="bbox 73 550 1010 642; baseline -0.004 -16"><span class='ocrx_word' id='word_1_10' title='bbox 73 577 158 626; x_wconf 77' lang='lat' dir='ltr'>reret</span> <span class='ocrx_word' id='word_1_11' title='bbox 172 567 208 622; x_wconf 90' lang='lat' dir='ltr'>ad</span> <span class='ocrx_word' id='word_1_12' title='bbox 234 568 335 624; x_wconf 88' lang='lat' dir='ltr'>urbem</span> <span class='ocrx_word' id='word_1_13' title='bbox 355 559 510 636; x_wconf 81' lang='lat' dir='ltr'>accedere,</span> <span class='ocrx_word' id='word_1_14' title='bbox 534 587 590 642; x_wconf 91' lang='lat' dir='ltr'>quo</span> <span class='ocrx_word' id='word_1_15' title='bbox 604 580 634 624; x_wconf 91' lang='lat' dir='ltr'>et</span> <span class='ocrx_word' id='word_1_16' title='bbox 648 578 811 624; x_wconf 87' lang='lat' dir='ltr'>ceterorum</span> <span class='ocrx_word' id='word_1_17' title='bbox 830 550 953 621; x_wconf 83' lang='lat' dir='ltr'>¹abirnos</span> <span class='ocrx_word' id='word_1_18' title='bbox 966 584 1010 622; x_wconf 89' lang='lat' dir='ltr'>re·</span> 
     </span>
     <span class='ocr_line' id='line_1_4' title="bbox 75 659 1010 736; baseline -0.003 -18"><span class='ocrx_word' id='word_1_19' title='bbox 75 661 191 729; x_wconf 84' lang='lat' dir='ltr'>ficeret,</span> <span class='ocrx_word' id='word_1_20' title='bbox 217 670 246 716; x_wconf 91' lang='lat' dir='ltr'>et</span> <span class='ocrx_word' id='word_1_21' title='bbox 260 661 301 718; x_wconf 89' lang='lat' dir='ltr'>illi</span> <span class='ocrx_word' id='word_1_22' title='bbox 317 659 432 718; x_wconf 83' lang='lat' dir='ltr'>facilius</span> <span class='ocrx_word' id='word_1_23' title='bbox 447 681 464 718; x_wconf 91' lang='lat' dir='ltr'>e</span> <span class='ocrx_word' id='word_1_24' title='bbox 480 662 609 736; x_wconf 86' lang='lat' dir='ltr'>periculo</span> <span class='ocrx_word' id='word_1_25' title='bbox 623 660 837 736; x_wconf 89' lang='lat' dir='ltr'>eriperentur.&#39;&#39;</span> <span class='ocrx_word' id='word_1_26' title='bbox 879 659 938 715; x_wconf 87' lang='lat' dir='ltr'>Sed</span> <span class='ocrx_word' id='word_1_27' title='bbox 962 659 1010 716; x_wconf 90' lang='lat' dir='ltr'>ubi</span> 
     </span>
     <span class='ocr_line' id='line_1_5' title="bbox 75 755 1010 829; baseline -0.003 -17"><span class='ocrx_word' id='word_1_28' title='bbox 75 755 259 829; x_wconf 79' lang='lat' dir='ltr'>Tarquinius</span> <span class='ocrx_word' id='word_1_29' title='bbox 275 755 412 812; x_wconf 83' lang='lat' dir='ltr'><strong>Crassum</strong></span> <span class='ocrx_word' id='word_1_30' title='bbox 425 757 592 824; x_wconf 87' lang='lat' dir='ltr'>nominavit,</span> <span class='ocrx_word' id='word_1_31' title='bbox 607 758 754 814; x_wconf 85' lang='lat' dir='ltr'>hominem</span> <span class='ocrx_word' id='word_1_32' title='bbox 764 756 900 822; x_wconf 89' lang='lat' dir='ltr'>nobilem,</span> <span class='ocrx_word' id='word_1_33' title='bbox 912 772 1010 810; x_wconf 87' lang='lat' dir='ltr'>maxu-</span> 
     </span>
     <span class='ocr_line' id='line_1_6' title="bbox 76 849 1010 924; baseline -0.003 -17"><span class='ocrx_word' id='word_1_34' title='bbox 76 849 134 907; x_wconf 88' lang='lat' dir='ltr'>mis</span> <span class='ocrx_word' id='word_1_35' title='bbox 149 849 263 918; x_wconf 85' lang='lat' dir='ltr'>divitiis,</span> <span class='ocrx_word' id='word_1_36' title='bbox 279 869 391 906; x_wconf 88' lang='lat' dir='ltr'>summa</span> <span class='ocrx_word' id='word_1_37' title='bbox 405 851 550 924; x_wconf 81' lang='lat' dir='ltr'>potentia3</span> <span class='ocrx_word' id='word_1_38' title='bbox 574 852 644 919; x_wconf 78' lang='lat' dir='ltr'>²alii,</span> <span class='ocrx_word' id='word_1_39' title='bbox 660 870 723 906; x_wconf 86' lang='lat' dir='ltr'>rem</span> <span class='ocrx_word' id='word_1_40' title='bbox 745 850 946 906; x_wconf 79' lang='lat' dir='ltr'>incredibilem</span> <span class='ocrx_word' id='word_1_41' title='bbox 965 867 1010 905; x_wconf 88' lang='lat' dir='ltr'>ra·</span> 
     </span>
     <span class='ocr_line' id='line_1_7' title="bbox 75 943 1011 1018; baseline -0.002 -16"><span class='ocrx_word' id='word_1_42' title='bbox 75 944 117 1014; x_wconf 84' lang='lat' dir='ltr'>ti;</span> <span class='ocrx_word' id='word_1_43' title='bbox 142 963 219 1018; x_wconf 76' lang='lat' dir='ltr'>pare,</span> <span class='ocrx_word' id='word_1_44' title='bbox 235 954 330 1001; x_wconf 88' lang='lat' dir='ltr'>tamen</span> <span class='ocrx_word' id='word_1_45' title='bbox 343 944 396 1000; x_wconf 86' lang='lat' dir='ltr'>etsi</span> <span class='ocrx_word' id='word_1_46' title='bbox 411 964 511 1001; x_wconf 86' lang='lat' dir='ltr'>verum</span> <span class='ocrx_word' id='word_1_47' title='bbox 523 945 744 1013; x_wconf 71' lang='lat' dir='ltr'>existumabant,</span> <span class='ocrx_word' id='word_1_48' title='bbox 766 954 873 1012; x_wconf 89' lang='lat' dir='ltr'>tamen,</span> <span class='ocrx_word' id='word_1_49' title='bbox 892 944 970 1017; x_wconf 83' lang='lat' dir='ltr'>³quia</span> <span class='ocrx_word' id='word_1_50' title='bbox 980 943 1011 1000; x_wconf 85' lang='lat' dir='ltr'>in</span> 
     </span>
     <span class='ocr_line' id='line_1_8' title="bbox 74 1038 1012 1114; baseline -0.001 -18"><span class='ocrx_word' id='word_1_51' title='bbox 74 1038 131 1096; x_wconf 86' lang='lat' dir='ltr'>tali</span> <span class='ocrx_word' id='word_1_52' title='bbox 144 1048 276 1112; x_wconf 89' lang='lat' dir='ltr'>tempore</span> <span class='ocrx_word' id='word_1_53' title='bbox 291 1048 371 1095; x_wconf 84' lang='lat' dir='ltr'>tanta</span> <span class='ocrx_word' id='word_1_54' title='bbox 385 1040 428 1096; x_wconf 87' lang='lat' dir='ltr'>vis</span> <span class='ocrx_word' id='word_1_55' title='bbox 444 1041 568 1096; x_wconf 89' lang='lat' dir='ltr'>bominis</span> <span class='ocrx_word' id='word_1_56' title='bbox 580 1040 725 1107; x_wconf 88' lang='lat' dir='ltr'>leniunda,</span> <span class='ocrx_word' id='word_1_57' title='bbox 739 1045 825 1112; x_wconf 84' lang='lat' dir='ltr'>quani</span> <span class='ocrx_word' id='word_1_58' title='bbox 836 1039 1012 1114; x_wconf 85' lang='lat' dir='ltr'>exagitanda</span> 
     </span>
     <span class='ocr_line' id='line_1_9' title="bbox 77 1128 1051 1208; baseline -0.001 -18"><span class='ocrx_word' id='word_1_59' title='bbox 77 1133 250 1201; x_wconf 79' lang='lat' dir='ltr'>videbatur3</span> <span class='ocrx_word' id='word_1_60' title='bbox 267 1134 396 1207; x_wconf 83' lang='lat' dir='ltr'>plerique</span> <span class='ocrx_word' id='word_1_61' title='bbox 423 1133 530 1189; x_wconf 87' lang='lat' dir='ltr'>Crasso</span> <span class='ocrx_word' id='word_1_62' title='bbox 553 1153 591 1188; x_wconf 89' lang='lat' dir='ltr'>ex</span> <span class='ocrx_word' id='word_1_63' title='bbox 605 1134 730 1208; x_wconf 86' lang='lat' dir='ltr'>negotiis</span> <span class='ocrx_word' id='word_1_64' title='bbox 744 1133 862 1206; x_wconf 85' lang='lat' dir='ltr'>privatis</span> <span class='ocrx_word' id='word_1_65' title='bbox 875 1132 1010 1201; x_wconf 84' lang='lat' dir='ltr'>⁴obnoxii,</span> <span class='ocrx_word' id='word_1_66' title='bbox 1047 1128 1051 1136; x_wconf 70' lang='lat'>&#39;</span> 
     </span>
     <span class='ocr_line' id='line_1_10' title="bbox 68 1211 1011 1302; baseline 0 -20"><span class='ocrx_word' id='word_1_67' title='bbox 68 1211 274 1296; x_wconf 63' lang='lat' dir='ltr'>bouclamant,</span> <span class='ocrx_word' id='word_1_68' title='bbox 291 1227 443 1284; x_wconf 85' lang='lat' dir='ltr'>“indicem</span> <span class='ocrx_word' id='word_1_69' title='bbox 459 1228 595 1296; x_wconf 85' lang='lat' dir='ltr'>falsum,&#39;&#39;</span> <span class='ocrx_word' id='word_1_70' title='bbox 609 1229 702 1301; x_wconf 85' lang='lat' dir='ltr'>deque</span> <span class='ocrx_word' id='word_1_71' title='bbox 718 1246 796 1284; x_wconf 86' lang='lat' dir='ltr'>eare</span> <span class='ocrx_word' id='word_1_72' title='bbox 806 1226 1011 1302; x_wconf 82' lang='lat' dir='ltr'>postulant⁵uti</span> 
     </span>
     <span class='ocr_line' id='line_1_11' title="bbox 77 1321 1011 1400; baseline -0.002 -20"><span class='ocrx_word' id='word_1_73' title='bbox 77 1323 233 1400; x_wconf 82' lang='lat' dir='ltr'>referatur.</span> <span class='ocrx_word' id='word_1_74' title='bbox 264 1321 375 1395; x_wconf 89' lang='lat' dir='ltr'>Itaque,</span> <span class='ocrx_word' id='word_1_75' title='bbox 392 1325 560 1379; x_wconf 86' lang='lat' dir='ltr'>consulente</span> <span class='ocrx_word' id='word_1_76' title='bbox 576 1323 731 1392; x_wconf 81' lang='lat' dir='ltr'>Cicerone,</span> <span class='ocrx_word' id='word_1_77' title='bbox 746 1323 883 1397; x_wconf 83' lang='lat' dir='ltr'>frequens</span> <span class='ocrx_word' id='word_1_78' title='bbox 893 1331 1011 1382; x_wconf 90' lang='lat' dir='ltr'>senatus</span> 
     </span>
     <span class='ocr_line' id='line_1_12' title="bbox 76 1416 1011 1493; baseline 0 -19"><span class='ocrx_word' id='word_1_79' title='bbox 76 1417 229 1474; x_wconf 88' lang='lat' dir='ltr'>decernit:</span> <span class='ocrx_word' id='word_1_80' title='bbox 253 1416 431 1491; x_wconf 85' lang='lat' dir='ltr'>“Tarquinii</span> <span class='ocrx_word' id='word_1_81' title='bbox 459 1419 599 1475; x_wconf 89' lang='lat' dir='ltr'>indicium</span> <span class='ocrx_word' id='word_1_82' title='bbox 623 1419 728 1475; x_wconf 89' lang='lat' dir='ltr'>salsum</span> <span class='ocrx_word' id='word_1_83' title='bbox 750 1420 865 1488; x_wconf 91' lang='lat' dir='ltr'>videri;</span> <span class='ocrx_word' id='word_1_84' title='bbox 888 1436 1011 1493; x_wconf 88' lang='lat' dir='ltr'>eumque</span> 
     </span>
     <span class='ocr_line' id='line_1_13' title="bbox 76 1511 1011 1586; baseline -0.003 -17"><span class='ocrx_word' id='word_1_85' title='bbox 76 1513 108 1570; x_wconf 86' lang='lat' dir='ltr'>in</span> <span class='ocrx_word' id='word_1_86' title='bbox 121 1511 258 1569; x_wconf 78' lang='lat' dir='ltr'>⁶vinculis</span> <span class='ocrx_word' id='word_1_87' title='bbox 273 1513 463 1581; x_wconf 88' lang='lat' dir='ltr'>retinendum,</span> <span class='ocrx_word' id='word_1_88' title='bbox 486 1527 580 1586; x_wconf 83' lang='lat' dir='ltr'>n&#39;eque</span> <span class='ocrx_word' id='word_1_89' title='bbox 606 1515 729 1586; x_wconf 84' lang='lat' dir='ltr'>amplius</span> <span class='ocrx_word' id='word_1_90' title='bbox 743 1514 926 1586; x_wconf 76' lang='lat' dir='ltr'>⁷potestatem</span> <span class='ocrx_word' id='word_1_91' title='bbox 941 1511 1011 1567; x_wconf 87' lang='lat' dir='ltr'>faei-</span> 
     </span>
     <span class='ocr_line' id='line_1_14' title="bbox 76 1605 1009 1680; baseline -0.002 -16"><span class='ocrx_word' id='word_1_92' title='bbox 76 1605 195 1675; x_wconf 88' lang='lat' dir='ltr'>undam,</span> <span class='ocrx_word' id='word_1_93' title='bbox 216 1607 278 1665; x_wconf 48' lang='lat' dir='ltr'>¹nisi</span> <span class='ocrx_word' id='word_1_94' title='bbox 300 1607 336 1663; x_wconf 91' lang='lat' dir='ltr'>de</span> <span class='ocrx_word' id='word_1_95' title='bbox 359 1626 395 1664; x_wconf 90' lang='lat' dir='ltr'>eo</span> <span class='ocrx_word' id='word_1_96' title='bbox 415 1608 568 1675; x_wconf 87' lang='lat' dir='ltr'>indicaret,</span> <span class='ocrx_word' id='word_1_97' title='bbox 584 1609 667 1680; x_wconf 86' lang='lat' dir='ltr'>cnjus</span> <span class='ocrx_word' id='word_1_98' title='bbox 683 1607 804 1662; x_wconf 91' lang='lat' dir='ltr'>consilio</span> <span class='ocrx_word' id='word_1_99' title='bbox 821 1615 932 1662; x_wconf 90' lang='lat' dir='ltr'>tantam</span> <span class='ocrx_word' id='word_1_100' title='bbox 947 1623 1009 1662; x_wconf 90' lang='lat' dir='ltr'>rem</span> 
     </span>
     <span class='ocr_line' id='line_1_15' title="bbox 75 1700 1011 1776; baseline -0.002 -18"><span class='ocrx_word' id='word_1_101' title='bbox 75 1702 223 1759; x_wconf 81' lang='lat' dir='ltr'>‘mentitus</span> <span class='ocrx_word' id='word_1_102' title='bbox 238 1701 349 1758; x_wconf 87' lang='lat' dir='ltr'>esset.”</span> <span class='ocrx_word' id='word_1_103' title='bbox 384 1701 477 1758; x_wconf 88' lang='lat' dir='ltr'>Erant</span> <span class='ocrx_word' id='word_1_104' title='bbox 491 1721 526 1758; x_wconf 89' lang='lat' dir='ltr'>eo</span> <span class='ocrx_word' id='word_1_105' title='bbox 541 1712 680 1776; x_wconf 85' lang='lat' dir='ltr'>tempore,</span> <span class='ocrx_word' id='word_1_106' title='bbox 696 1703 743 1775; x_wconf 92' lang='lat' dir='ltr'>qui</span> <span class='ocrx_word' id='word_1_107' title='bbox 759 1711 966 1769; x_wconf 85' lang='lat' dir='ltr'>aestumarent,</span> <span class='ocrx_word' id='word_1_108' title='bbox 979 1700 1011 1756; x_wconf 86' lang='lat' dir='ltr'>il-</span> 
     </span>
     <span class='ocr_line' id='line_1_16' title="bbox 75 1796 1013 1872; baseline -0.003 -18"><span class='ocrx_word' id='word_1_109' title='bbox 75 1797 128 1854; x_wconf 89' lang='lat' dir='ltr'>lud</span> <span class='ocrx_word' id='word_1_110' title='bbox 152 1818 169 1854; x_wconf 88' lang='lat' dir='ltr'>a</span> <span class='ocrx_word' id='word_1_111' title='bbox 192 1798 226 1853; x_wconf 91' lang='lat' dir='ltr'>P.</span> <span class='ocrx_word' id='word_1_112' title='bbox 243 1797 382 1854; x_wconf 86' lang='lat' dir='ltr'>Autronio</span> <span class='ocrx_word' id='word_1_113' title='bbox 407 1797 614 1866; x_wconf 89' lang='lat' dir='ltr'>machinatum,</span> <span class='ocrx_word' id='word_1_114' title='bbox 635 1798 702 1872; x_wconf 68' lang='lat' dir='ltr'>⁹quo</span> <span class='ocrx_word' id='word_1_115' title='bbox 726 1797 851 1869; x_wconf 80' lang='lat' dir='ltr'>facilius,</span> <span class='ocrx_word' id='word_1_116' title='bbox 866 1796 1013 1870; x_wconf 88' lang='lat' dir='ltr'>adpellato</span> 
     </span>
     <span class='ocr_line' id='line_1_17' title="bbox 1 1890 1014 1972; baseline -0.002 -24"><span class='ocrx_word' id='word_1_117' title='bbox 1 1903 2 1972; x_wconf 25' lang='grc' dir='ltr'>ζ</span> <span class='ocrx_word' id='word_1_118' title='bbox 75 1891 198 1961; x_wconf 86' lang='lat' dir='ltr'>Crasso,</span> <span class='ocrx_word' id='word_1_119' title='bbox 223 1911 275 1967; x_wconf 90' lang='lat' dir='ltr'>per</span> <span class='ocrx_word' id='word_1_120' title='bbox 299 1893 468 1949; x_wconf 83' lang='lat' dir='ltr'>societatem</span> <span class='ocrx_word' id='word_1_121' title='bbox 494 1893 621 1968; x_wconf 86' lang='lat' dir='ltr'>periculi</span> <span class='ocrx_word' id='word_1_122' title='bbox 645 1893 772 1966; x_wconf 85' lang='lat' dir='ltr'>reliquos</span> <span class='ocrx_word' id='word_1_123' title='bbox 796 1890 1014 1966; x_wconf 85' lang='lat' dir='ltr'>illiuspotentia</span> 
     </span>
     <span class='ocr_line' id='line_1_18' title="bbox 1 1987 1012 2063; baseline -0.007 -16"><span class='ocrx_word' id='word_1_124' title='bbox 1 1989 2 2036; x_wconf 56' lang='grc' dir='ltr'>ἕ</span> <span class='ocrx_word' id='word_1_125' title='bbox 74 1997 202 2063; x_wconf 83' lang='lat' dir='ltr'>tegeret.</span> <span class='ocrx_word' id='word_1_126' title='bbox 225 1987 283 2045; x_wconf 87' lang='lat' dir='ltr'>Alii</span> <span class='ocrx_word' id='word_1_127' title='bbox 298 1987 488 2062; x_wconf 85' lang='lat' dir='ltr'>Tarquinium</span> <span class='ocrx_word' id='word_1_128' title='bbox 499 2008 517 2045; x_wconf 89' lang='lat' dir='ltr'>a</span> <span class='ocrx_word' id='word_1_129' title='bbox 532 1989 676 2046; x_wconf 84' lang='lat' dir='ltr'>Cicerone</span> <span class='ocrx_word' id='word_1_130' title='bbox 691 1987 871 2044; x_wconf 70' lang='lat' dir='ltr'>‘tremissum</span> <span class='ocrx_word' id='word_1_131' title='bbox 886 1987 1012 2053; x_wconf 82' lang='lat' dir='ltr'>aiebant,</span> 
     </span>
     <span class='ocr_line' id='line_1_19' title="bbox 75 2066 1012 2156; baseline -0.005 -16"><span class='ocrx_word' id='word_1_132' title='bbox 75 2101 116 2140; x_wconf 87' lang='lat' dir='ltr'>ne</span> <span class='ocrx_word' id='word_1_133' title='bbox 143 2082 276 2151; x_wconf 78' lang='lat' dir='ltr'>Cressae,</span> <span class='ocrx_word' id='word_1_134' title='bbox 301 2083 402 2140; x_wconf 88' lang='lat' dir='ltr'>¹¹rnore</span> <span class='ocrx_word' id='word_1_135' title='bbox 428 2103 490 2152; x_wconf 86' lang='lat' dir='ltr'>suc,</span> <span class='ocrx_word' id='word_1_136' title='bbox 518 2092 656 2156; x_wconf 84' lang='lat' dir='ltr'>suscepto</span> <span class='ocrx_word' id='word_1_137' title='bbox 678 2083 820 2137; x_wconf 89' lang='lat' dir='ltr'>malorum</span> <span class='ocrx_word' id='word_1_138' title='bbox 843 2066 1012 2154; x_wconf 82' lang='lat' dir='ltr'>patrocinio,</span> 
     </span>
     <span class='ocr_line' id='line_1_20' title="bbox 75 2174 1014 2252; baseline -0.006 -15"><span class='ocrx_word' id='word_1_139' title='bbox 75 2178 289 2251; x_wconf 84' lang='lat' dir='ltr'>rempublicam</span> <span class='ocrx_word' id='word_1_140' title='bbox 304 2180 498 2235; x_wconf 88' lang='lat' dir='ltr'>conturbaret.</span> <span class='ocrx_word' id='word_1_141' title='bbox 541 2177 640 2252; x_wconf 89' lang='lat' dir='ltr'>Ipsum</span> <span class='ocrx_word' id='word_1_142' title='bbox 670 2174 811 2232; x_wconf 86' lang='lat' dir='ltr'>Crassum</span> <span class='ocrx_word' id='word_1_143' title='bbox 832 2195 888 2252; x_wconf 82' lang='lat' dir='ltr'>ego</span> <span class='ocrx_word' id='word_1_144' title='bbox 912 2183 1014 2249; x_wconf 86' lang='lat' dir='ltr'>postea</span> 
     </span>
     <span class='ocr_line' id='line_1_21' title="bbox 1 2270 1012 2348; baseline -0.002 -19"><span class='ocrx_word' id='word_1_145' title='bbox 1 2335 2 2345; x_wconf 49' lang='lat'>,</span> <span class='ocrx_word' id='word_1_146' title='bbox 74 2272 318 2348; x_wconf 70' lang='lat' dir='ltr'>¹²praedicantem</span> <span class='ocrx_word' id='word_1_147' title='bbox 333 2273 438 2341; x_wconf 89' lang='lat' dir='ltr'>audivi,</span> <span class='ocrx_word' id='word_1_148' title='bbox 451 2283 561 2331; x_wconf 86' lang='lat' dir='ltr'>tantam</span> <span class='ocrx_word' id='word_1_149' title='bbox 573 2274 652 2329; x_wconf 90' lang='lat' dir='ltr'>illam</span> <span class='ocrx_word' id='word_1_150' title='bbox 677 2272 883 2330; x_wconf 88' lang='lat' dir='ltr'>contumeliam</span> <span class='ocrx_word' id='word_1_151' title='bbox 907 2270 961 2326; x_wconf 84' lang='lat' dir='ltr'>sibi</span> <span class='ocrx_word' id='word_1_152' title='bbox 976 2270 1012 2327; x_wconf 85' lang='lat' dir='ltr'>ab</span> 
     </span>
     <span class='ocr_line' id='line_1_22' title="bbox 1 2356 1065 2442; baseline 0.001 -16"><span class='ocrx_word' id='word_1_153' title='bbox 1 2356 2 2365; x_wconf 11' lang='grc' dir='ltr'>ἵ</span> <span class='ocrx_word' id='word_1_154' title='bbox 75 2368 226 2426; x_wconf 88' lang='lat' dir='ltr'>Cicerone</span> <span class='ocrx_word' id='word_1_155' title='bbox 239 2368 432 2442; x_wconf 72' lang='lat' dir='ltr'>¹³impositam.</span> <span class='ocrx_word' id='word_1_156' title='bbox 1015 2364 1020 2373; x_wconf 76' lang='grc'>’</span> <span class='ocrx_word' id='word_1_157' title='bbox 1061 2435 1065 2440; x_wconf 27' lang='lat'><em>⁴</em></span> 
     </span>
     <span class='ocr_line' id='line_1_23' title="bbox 117 2458 1012 2537; baseline 0 -17"><span class='ocrx_word' id='word_1_158' title='bbox 117 2458 226 2520; x_wconf 84' lang='lat' dir='ltr'><strong>XLIX.</strong></span> <span class='ocrx_word' id='word_1_159' title='bbox 244 2462 306 2518; x_wconf 80' lang='lat' dir='ltr'>Seu</span> <span class='ocrx_word' id='word_1_160' title='bbox 315 2464 407 2520; x_wconf 85' lang='lat' dir='ltr'>isdem</span> <span class='ocrx_word' id='word_1_161' title='bbox 418 2464 595 2537; x_wconf 88' lang='lat' dir='ltr'>temporibus</span> <span class='ocrx_word' id='word_1_162' title='bbox 610 2464 670 2529; x_wconf 81' lang='lat' dir='ltr'>¹⁴Q.</span> <span class='ocrx_word' id='word_1_163' title='bbox 685 2464 810 2521; x_wconf 85' lang='lat' dir='ltr'>Catulus</span> <span class='ocrx_word' id='word_1_164' title='bbox 821 2474 850 2520; x_wconf 91' lang='lat' dir='ltr'>et</span> <span class='ocrx_word' id='word_1_165' title='bbox 864 2463 921 2518; x_wconf 72' lang='lat'>¹³0.</span> <span class='ocrx_word' id='word_1_166' title='bbox 935 2464 1012 2532; x_wconf 89' lang='lat' dir='ltr'>Piso,</span> 
     </span>
     <span class='ocr_line' id='line_1_24' title="bbox 73 2556 1013 2634; baseline -0.004 -17"><span class='ocrx_word' id='word_1_167' title='bbox 73 2568 173 2633; x_wconf 88' lang='lat' dir='ltr'>n&#39;eque</span> <span class='ocrx_word' id='word_1_168' title='bbox 188 2558 292 2634; x_wconf 85' lang='lat' dir='ltr'>gratia,</span> <span class='ocrx_word' id='word_1_169' title='bbox 307 2577 401 2633; x_wconf 91' lang='lat' dir='ltr'>neque</span> <span class='ocrx_word' id='word_1_170' title='bbox 417 2558 561 2632; x_wconf 88' lang='lat' dir='ltr'>precibus,</span> <span class='ocrx_word' id='word_1_171' title='bbox 577 2576 671 2629; x_wconf 89' lang='lat' dir='ltr'>neque</span> <span class='ocrx_word' id='word_1_172' title='bbox 690 2559 813 2630; x_wconf 75' lang='lat' dir='ltr'>¹⁶pretio,</span> <span class='ocrx_word' id='word_1_173' title='bbox 837 2556 1013 2613; x_wconf 89' lang='lat' dir='ltr'>Ciceronem</span> 
     </span>
     <span class='ocr_line' id='line_1_25' title="bbox 74 2648 1012 2729; baseline -0.013 -19"><span class='ocrx_word' id='word_1_174' title='bbox 74 2654 234 2729; x_wconf 89' lang='lat' dir='ltr'>impellere</span> <span class='ocrx_word' id='word_1_175' title='bbox 263 2653 416 2729; x_wconf 82' lang='lat' dir='ltr'>¹⁷potuere,</span> <span class='ocrx_word' id='word_1_176' title='bbox 444 2653 498 2708; x_wconf 85' lang='lat' dir='ltr'>uti·</span> <span class='ocrx_word' id='word_1_177' title='bbox 509 2671 562 2727; x_wconf 89' lang='lat' dir='ltr'>per</span> <span class='ocrx_word' id='word_1_178' title='bbox 573 2652 755 2727; x_wconf 84' lang='lat' dir='ltr'>Allobroges,</span> <span class='ocrx_word' id='word_1_179' title='bbox 781 2660 829 2706; x_wconf 90' lang='lat' dir='ltr'>aut</span> <span class='ocrx_word' id='word_1_180' title='bbox 844 2648 931 2704; x_wconf 89' lang='lat' dir='ltr'>alium</span> <span class='ocrx_word' id='word_1_181' title='bbox 943 2649 1012 2705; x_wconf 91' lang='lat' dir='ltr'>indi.</span> 
     </span>
     <span class='ocr_line' id='line_1_26' title="bbox 1 2745 1014 2819; baseline -0.009 -8"><span class='ocrx_word' id='word_1_182' title='bbox 1 2808 2 2811; x_wconf 74' lang='grc'>,</span> <span class='ocrx_word' id='word_1_183' title='bbox 74 2768 155 2818; x_wconf 84' lang='lat' dir='ltr'>cern,</span> <span class='ocrx_word' id='word_1_184' title='bbox 178 2745 214 2804; x_wconf 88' lang='lat' dir='ltr'>C.</span> <span class='ocrx_word' id='word_1_185' title='bbox 229 2747 342 2804; x_wconf 87' lang='lat' dir='ltr'>Caesar</span> <span class='ocrx_word' id='word_1_186' title='bbox 363 2747 678 2805; x_wconf 75' lang='lat' dir='ltr'>falso-¹⁹nominaretur.</span> <span class='ocrx_word' id='word_1_187' title='bbox 721 2746 801 2803; x_wconf 87' lang='lat' dir='ltr'>Nam</span> <span class='ocrx_word' id='word_1_188' title='bbox 815 2755 934 2819; x_wconf 84' lang='lat' dir='ltr'>uterquc</span> <span class='ocrx_word' id='word_1_189' title='bbox 947 2762 1014 2802; x_wconf 89' lang='lat' dir='ltr'>cum</span> 
     </span>
     <span class='ocr_line' id='line_1_27' title="bbox 74 2840 1013 2920; baseline -0.007 -17"><span class='ocrx_word' id='word_1_190' title='bbox 74 2844 128 2903; x_wconf 91' lang='lat' dir='ltr'>illo</span> <span class='ocrx_word' id='word_1_191' title='bbox 148 2844 246 2918; x_wconf 87' lang='lat' dir='ltr'>gravis</span> <span class='ocrx_word' id='word_1_192' title='bbox 260 2843 426 2907; x_wconf 83' lang='lat' dir='ltr'>inimicitias</span> <span class='ocrx_word' id='word_1_193' title='bbox 440 2844 641 2911; x_wconf 82' lang='lat' dir='ltr'>exercebant3</span> <span class='ocrx_word' id='word_1_194' title='bbox 669 2842 736 2899; x_wconf 90' lang='lat' dir='ltr'>Piso</span> <span class='ocrx_word' id='word_1_195' title='bbox 760 2842 963 2920; x_wconf 76' lang='lat' dir='ltr'>¹⁹obpugnatus</span> <span class='ocrx_word' id='word_1_196' title='bbox 983 2840 1013 2897; x_wconf 93' lang='lat' dir='ltr'>in</span> 
     </span>
     <span class='ocr_line' id='line_1_28' title="bbox 1 2936 1014 3021; baseline 0.002 -27"><span class='ocrx_word' id='word_1_197' title='bbox 1 3004 2 3021; x_wconf 13' lang='grc' dir='ltr'>χ</span> <span class='ocrx_word' id='word_1_198' title='bbox 70 2938 187 3014; x_wconf 79' lang='lat' dir='ltr'>judicio</span> <span class='ocrx_word' id='word_1_199' title='bbox 214 2936 449 3013; x_wconf 88' lang='lat' dir='ltr'>repetundarum,</span> <span class='ocrx_word' id='word_1_200' title='bbox 475 2947 591 3012; x_wconf 90' lang='lat' dir='ltr'>propter</span> <span class='ocrx_word' id='word_1_201' title='bbox 615 2938 766 3012; x_wconf 89' lang='lat' dir='ltr'>cujusdam</span> <span class='ocrx_word' id='word_1_202' title='bbox 787 2936 1014 3010; x_wconf 64' lang='lat' dir='ltr'>”Transpadani</span> 
     </span>
     <span class='ocr_line' id='line_1_29' title="bbox 75 3031 1014 3107; baseline -0.002 -18"><span class='ocrx_word' id='word_1_203' title='bbox 75 3032 254 3107; x_wconf 82' lang='lat' dir='ltr'>supplicium</span> <span class='ocrx_word' id='word_1_204' title='bbox 268 3032 425 3107; x_wconf 67' lang='lat' dir='ltr'>injustum</span> <span class='ocrx_word' id='word_1_205' title='bbox 449 3031 572 3088; x_wconf 86' lang='lat' dir='ltr'>Catulus</span> <span class='ocrx_word' id='word_1_206' title='bbox 594 3032 653 3088; x_wconf 76' lang='lat' dir='ltr'>²¹ex</span> <span class='ocrx_word' id='word_1_207' title='bbox 677 3033 814 3107; x_wconf 90' lang='lat' dir='ltr'>petitione</span> <span class='ocrx_word' id='word_1_208' title='bbox 829 3032 1014 3107; x_wconf 85' lang='lat' dir='ltr'>pontificatus</span> 
     </span>
     <span class='ocr_line' id='line_1_30' title="bbox 75 3111 1025 3201; baseline -0.001 -15"><span class='ocrx_word' id='word_1_209' title='bbox 75 3127 146 3186; x_wconf 86' lang='lat' dir='ltr'>odio</span> <span class='ocrx_word' id='word_1_210' title='bbox 160 3128 308 3197; x_wconf 85' lang='lat' dir='ltr'>incensus,</span> <span class='ocrx_word' id='word_1_211' title='bbox 324 3127 410 3201; x_wconf 89' lang='lat' dir='ltr'>quod,</span> <span class='ocrx_word' id='word_1_212' title='bbox 426 3136 558 3184; x_wconf 83' lang='lat' dir='ltr'>extrema</span> <span class='ocrx_word' id='word_1_213' title='bbox 570 3138 682 3196; x_wconf 84' lang='lat' dir='ltr'>aetate,</span> <span class='ocrx_word' id='word_1_214' title='bbox 701 3127 844 3184; x_wconf 81' lang='lat' dir='ltr'>maxumis</span> <span class='ocrx_word' id='word_1_215' title='bbox 858 3111 1025 3185; x_wconf 82' lang='lat' dir='ltr'>bonoribus¹</span> 
     </span>
     <span class='ocr_line' id='line_1_31' title="bbox 74 3221 1014 3291; baseline -0.002 -10"><span class='ocrx_word' id='word_1_216' title='bbox 74 3240 159 3291; x_wconf 84' lang='lat' dir='ltr'>usus,</span> <span class='ocrx_word' id='word_1_217' title='bbox 174 3223 212 3279; x_wconf 86' lang='lat' dir='ltr'>ab</span> <span class='ocrx_word' id='word_1_218' title='bbox 225 3222 466 3280; x_wconf 58' lang='lat' dir='ltr'>lladolescentulo</span> <span class='ocrx_word' id='word_1_219' title='bbox 482 3221 614 3279; x_wconf 88' lang='lat' dir='ltr'>Caesare</span> <span class='ocrx_word' id='word_1_220' title='bbox 629 3223 722 3279; x_wconf 86' lang='lat' dir='ltr'>victus</span> <span class='ocrx_word' id='word_1_221' title='bbox 736 3222 923 3287; x_wconf 85' lang='lat' dir='ltr'>discesserat.</span> <span class='ocrx_word' id='word_1_222' title='bbox 952 3222 1014 3280; x_wconf 85' lang='lat' dir='ltr'>Res</span> 
     </span>
     <span class='ocr_line' id='line_1_32' title="bbox 75 3315 1012 3396; baseline -0.003 -21"><span class='ocrx_word' id='word_1_223' title='bbox 75 3325 178 3375; x_wconf 84' lang='lat' dir='ltr'>autern</span> <span class='ocrx_word' id='word_1_224' title='bbox 198 3316 381 3392; x_wconf 69' lang='lat' dir='ltr'>mopportuna</span> <span class='ocrx_word' id='word_1_225' title='bbox 404 3316 575 3387; x_wconf 80' lang='lat' dir='ltr'>videbatui-3</span> <span class='ocrx_word' id='word_1_226' title='bbox 598 3318 675 3392; x_wconf 91' lang='lat' dir='ltr'>quod</span> <span class='ocrx_word' id='word_1_227' title='bbox 688 3318 821 3393; x_wconf 85' lang='lat' dir='ltr'>privatim</span> <span class='ocrx_word' id='word_1_228' title='bbox 841 3320 962 3396; x_wconf 85' lang='lat' dir='ltr'>egregia</span> <span class='ocrx_word' id='word_1_229' title='bbox 974 3315 1012 3391; x_wconf 87' lang='lat' dir='ltr'>li-</span> 
     </span>
     <span class='ocr_line' id='line_1_33' title="bbox 74 3404 1014 3491; baseline -0.003 -22"><span class='ocrx_word' id='word_1_230' title='bbox 74 3411 243 3480; x_wconf 83' lang='lat' dir='ltr'>beralitate,</span> <span class='ocrx_word' id='word_1_231' title='bbox 266 3411 403 3486; x_wconf 61' lang='lat' dir='ltr'>“publice</span> <span class='ocrx_word' id='word_1_232' title='bbox 422 3413 568 3469; x_wconf 86' lang='lat' dir='ltr'>maxumis</span> <span class='ocrx_word' id='word_1_233' title='bbox 591 3414 758 3470; x_wconf 87' lang='lat' dir='ltr'>muneribus</span> <span class='ocrx_word' id='word_1_234' title='bbox 771 3404 911 3491; x_wconf 78' lang='lat' dir='ltr'>glandem</span> <span class='ocrx_word' id='word_1_235' title='bbox 926 3426 1014 3487; x_wconf 84' lang='lat' dir='ltr'>pecu-</span> 
     </span>
    </p>
   </div>
   <div class='ocr_carea' id='block_1_3' title="bbox 75 3489 1013 3641">
    <p class='ocr_par' dir='ltr' id='par_1_3' title="bbox 75 3489 1013 3641">
     <span class='ocr_line' id='line_1_34' title="bbox 75 3489 1013 3641; baseline -0.002 -74"><span class='ocrx_word' id='word_1_236' title='bbox 75 3506 161 3567; x_wconf 80' lang='lat' dir='ltr'>niam</span> <span class='ocrx_word' id='word_1_237' title='bbox 171 3505 307 3564; x_wconf 81' lang='lat' dir='ltr'>debebat.</span> <span class='ocrx_word' id='word_1_238' title='bbox 350 3506 420 3577; x_wconf 81' lang='lat' dir='ltr'>Sed,</span> <span class='ocrx_word' id='word_1_239' title='bbox 434 3507 482 3564; x_wconf 89' lang='lat' dir='ltr'>ubi</span> <span class='ocrx_word' id='word_1_240' title='bbox 497 3489 648 3641; x_wconf 65' lang='lat' dir='ltr'>cqq&#39;sulem</span> <span class='ocrx_word' id='word_1_241' title='bbox 662 3507 700 3566; x_wconf 87' lang='lat' dir='ltr'>ad</span> <span class='ocrx_word' id='word_1_242' title='bbox 713 3519 823 3567; x_wconf 86' lang='lat' dir='ltr'>tantum</span> <span class='ocrx_word' id='word_1_243' title='bbox 834 3503 948 3565; x_wconf 82' lang='lat' dir='ltr'>facinus</span> <span class='ocrx_word' id='word_1_244' title='bbox 961 3504 1013 3565; x_wconf 86' lang='lat' dir='ltr'>im-</span> 
     </span>
    </p>
   </div>
   <div class='ocr_carea' id='block_1_4' title="bbox 0 0 1134 4050">
    <p class='ocr_par' dir='ltr' id='par_1_4' title="bbox 0 0 1134 4050">
     <span class='ocr_line' id='line_1_35' title="bbox 0 0 1134 4050; baseline 0 0"><span class='ocrx_word' id='word_1_245' title='bbox 0 0 1134 4050; x_wconf 95' lang='lat' dir='ltr'> </span> 
     </span>
    </p>
   </div>
  </div>
 </body>
</html>
