2259 4050
132 283 176 372 ei
262 303 265 309 '
405 254 766 363 *sacrosantcum

133 462 369 524 obseaenum
383 460 571 530 tumiumne,
585 439 1062 536 militessugoannsgnoiao,

133 568 230 620 castra
243 558 367 616 hostium
377 553 515 612 invadunt
526 577 534 626 3
557 555 748 611 semisomnos
760 553 885 628 ²partim,
897 552 971 609 alios
981 563 1064 608 arina

132 631 279 713 eumentes
293 651 394 728 fugant
408 649 611 725 funduntque-3
632 637 781 707 Adherbal
791 666 858 703 cum
866 647 968 722 paucis
983 648 1064 722 equi-

131 750 207 808 tibus
216 747 333 804 Cirtam
344 745 479 822 profugit,
491 755 529 815 et,
544 746 574 802 ni
588 743 738 803 multitudo
750 744 925 820 togatorum
949 740 1064 810 suisset,

130 851 206 920 quae
221 841 362 899 Numidas
383 841 570 916 insequentes
591 841 742 898 moenibus
766 839 918 914 prohibuit,
932 847 991 895 uno
1002 855 1005 860 ·
1016 839 1064 903 die

120 935 206 996 ‘inter
218 936 290 994 duos
304 957 391 1016 reges
406 945 539 1012 coeptum
568 945 653 1011 atque
674 944 818 1012 patratum
841 935 952 1017 bellurn
974 930 1064 992 foret.

121 1029 223 1111 *Igitur
234 1033 379 1112 Jugurtha
393 1033 529 1111 oppidum
544 1031 739 1100 circumsedit,
752 1030 856 1099 ⁴vineis
877 1020 1065 1104 turribusque
1123 1052 1128 1067 .

124 1124 160 1188 'et
168 1130 311 1186 machinis
321 1130 448 1188 omniurn
457 1147 599 1206 generum
608 1145 775 1203 expugnare
783 1125 969 1202 adgreditur,
981 1142 1066 1182 max-

130 1243 197 1283 ume
212 1225 358 1282 festinans
373 1237 487 1300 ternpus
511 1225 674 1300 legatorum
698 1231 883 1297 antecapere,
897 1239 978 1297 quos,
995 1223 1065 1280 ante

61 1330 65 1338 ’
130 1319 270 1396 praelium
284 1319 402 1389 factum,
418 1318 542 1375 Romam
556 1320 594 1374 ab
608 1318 774 1378 Adherbale
785 1318 891 1374 missos
901 1317 1066 1376 audiverat.

131 1412 199 1484 Sed,
212 1421 361 1490 postquam
372 1422 491 1471 senatus¹
506 1413 631 1472 debello
646 1430 746 1475 eorum
760 1413 885 1488 accepit,
901 1413 974 1489 [tres
994 1414 1067 1472 ado·

129 1509 329 1588 lescenteslin
338 1509 470 1568 Africam
481 1510 625 1586 legentur,
636 1508 684 1583 qui
695 1509 782 1565 arnbo
791 1527 879 1585 reges
892 1508 1008 1578 adeant,
1017 1530 1067 1568 se.

104 1633 105 1636 ¹
129 1615 213 1663 natus
225 1605 378 1681 populique
394 1605 518 1664 Romani
532 1605 631 1662 verbis
652 1603 799 1674 nuncient,
823 1610 842 1638 “
853 1603 937 1660 ⁵velle
950 1614 978 1661 et
993 1624 1068 1662 cen.

128 1717 205 1768 sere,
220 1719 272 1757 eos
286 1701 323 1782 ab
339 1701 427 1765 armis
442 1700 595 1758 discedere
612 1722 619 1771 3
642 1701 678 1756 de
694 1699 899 1757 controversiis
923 1700 983 1759 suis
994 1702 1067 1776 jure

104 1811 114 1823 ·
129 1794 232 1872 potius,
247 1813 334 1871 quam
346 1795 423 1852 bello
438 1795 603 1871 disceptare
620 1815 628 1867 3
650 1795 690 1852 ita
703 1795 804 1870 ⁰seque
816 1795 929 1871 illisque
943 1796 1068 1874 dignum

95 1918 99 1920 .
127 1887 224 1954 pm„
656 1962 659 1967 y
858 1964 861 1967 1

168 1985 263 2045 ΧΧΙΙ.
280 1984 403 2045 Luem
412 1985 441 2044 in
449 1984 584 2058 Africam
592 1986 905 2058 maturantesveniunt,
912 2006 948 2045 eo
956 1990 1067 2067 magis,

129 2084 205 2161 quod
219 2084 341 2155 Romae,
356 2084 423 2142 dum
433 2082 579 2160 proficisci
594 2092 705 2158 parant,
716 2083 752 2140 de
762 2084 872 2159 praelio
886 2083 964 2141 facto
974 2096 1003 2141 et
1012 2104 1067 2162 op.

129 2180 305 2257 pugnatione
328 2178 434 2237 'Cirtae
462 2178 652 2252 audiebatur:
674 2177 726 2234 sed
753 2178 778 2234 is
802 2180 900 2235 rumor
919 2180 1068 2240 lclemens

129 2284 201 2333 crat.
245 2275 375 2339 Quorum
399 2270 543 2349 Jugurtha
567 2281 692 2349 accepta
718 2274 861 2331 loratione
889 2279 1066 2352 respondit:

130 2376 150 2407 “
163 2368 218 2427 sibi
232 2388 326 2443 neque
347 2366 629 2444 majusquidquam,
650 2386 744 2443 neque
768 2370 866 2427 carius
890 2372 1065 2433 auctoritate

128 2464 244 2525 senati:
266 2466 304 2522 ab
317 2462 570 2550 adolescentiaita
584 2465 706 2535 enisum,
721 2464 762 2521 uti
777 2467 813 2522 ab
822 2476 939 2542 optumo
947 2464 1066 2545 quoque

129 2563 318 2643 probaretur:
334 2561 447 2630 virtute,
457 2580 515 2617 non
525 2561 650 2630 malitia,
661 2562 694 2618 P.
711 2561 852 2637 Scipioni,
866 2581 978 2621 summo
989 2566 1065 2637 viro,

127 2659 272 2738 placuisse
284 2680 291 2717 ε
303 2658 350 2717 lob
360 2658 479 2715 easdem
488 2656 557 2713 artis
569 2658 606 2713 ab
612 2656 748 2731 Micipsa,
757 2676 816 2714 non
826 2658 947 2733 penuria
955 2660 1066 2719 libero.

45 2768 48 2783 ‘
128 2773 201 2823 rum,
216 2754 245 2810 in
260 2772 383 2829 regnum
397 2752 564 2827 adoptatum
580 2771 587 2807 :
610 2760 749 2821 ceterum,
764 2772 823 2826 quo
833 2755 916 2829 plura
930 2756 1008 2815 bene
1019 2768 1064 2816 at.

128 2866 184 2923 que
199 2852 316 2905 strenue
328 2846 457 2915 lecisset,
473 2865 509 2911 eo
523 2846 652 2906 animum
666 2866 749 2903 surim
763 2847 899 2923 injuriam
909 2851 1006 2922 minus
1019 2861 1066 2912 to.

129 2944 246 3001 letare:
268 2940 465 2999 Adherbalem
490 2941 563 3000 dolis
577 2943 654 3000 vitae
679 2962 751 3001 suae
774 2944 963 3018 insidiatum3
985 2953 1066 3025 quod

127 3038 177 3099 abi
192 3037 391 3113 comperisset,
406 3038 510 3095 sceleri
519 3036 639 3097 'obviam
653 3039 710 3099 isse
724 3037 883 3115 :populum
897 3041 1065 3105 Romanurn

53 3167 63 3177 -
114 3147 223 3212 ‘neque
237 3140 328 3202 recte,
340 3144 434 3208 neque
455 3135 527 3210 ¹⁰pro
541 3125 819 3204 benefacturum
833 3137 870 3193 ab
880 3137 948 3212 jure
967 3139 1065 3217 genti.

26 3225 32 3234 ’
128 3235 178 3286 um
191 3221 278 3285 ¹¹sese
293 3229 509 3303 prohibuerint:
531 3240 679 3305 postremo
692 3228 731 3285 de
740 3230 874 3292 omnibus
882 3234 971 3291 rebus
981 3236 1066 3315 lega.
1126 3267 1129 3273 -

128 3330 173 3383 tce
188 3322 312 3381 Romam
326 3324 417 3408 brevi*
435 3324 622 3382 missurum.’'
662 3323 708 3383 lta
720 3325 833 3400 utrique
847 3325 1065 3405 digrediuntur.

128 3408 305 3481 trienno
319 3419 483 3496 asperano
497 3419 583 3494 copia
595 3418 728 3479 nonfuit.

168 3514 279 3583 mu.
294 3515 473 3585 hovam,
482 3514 531 3572 ubi
539 3532 592 3573 eos
605 3515 708 3578 usuca
721 3516 906 3585 “dcem
915 3522 998 3589 robis
1006 3534 1068 3610 ⁴2⁸²,
