2259 4050
134 271 193 330 reo
278 299 280 302 -
410 267 763 327 autumavimus.
875 220 1080 333 lat-uera.

132 436 199 485 vato
209 424 316 482 homini
330 425 454 501 gratiam
467 424 615 481 deberem.
658 424 697 481 Et
710 411 821 489 hercle,
837 419 1015 489 Sulla-ante
1029 430 1060 480 ta
1082 464 1088 467 -

133 520 292 595 cognitum,
317 519 414 575 multis
427 518 585 583 orantibus,
601 517 664 573 aliis
677 518 753 573 ultro
767 524 883 591 egomet
897 534 983 591 opem
996 516 1062 585 tuli,

133 613 239 669 nullius
252 612 371 705 indigui.
413 612 448 668 Id
462 611 676 678 dimminutum,
699 610 774 684 quod
795 608 884 665 ceteri
899 596 999 665 doleia
1015 627 1063 667 so·

132 705 202 774 leut,
217 706 392 784 egolaetar3
413 704 511 760 'suerit
524 705 595 761 mihi
616 704 748 777 pretium,
773 702 888 777 eguisse
904 702 1064 774 aliquando
1127 702 1129 749 i

133 799 278 856 amicitiae
287 807 366 865 tuae,
375 797 649 871 quaapudanimum
656 794 829 853 mcumuihil
838 796 935 850 carius
949 795 1063 853 habeo.

134 890 265 947 1d³ade0
280 891 405 965 experiri
419 891 503 956 licet:
525 909 616 958 arma,
628 890 715 959 viros,
730 888 896 963 pecuniam,
911 897 1065 961 postremo

133 984 269 1059 quidquid
283 984 379 1039 auimo
393 985 481 1052 lubet,
495 1002 587 1051 sume,
599 992 699 1039 utere:
722 991 759 1049 et,
769 982 862 1054 quoad
874 982 964 1051 vivae,
977 1000 1064 1041 num·

112 1152 118 1160 1
134 1098 222 1153 quam
236 1078 377 1134 redditam
391 1078 515 1152 gratiam
531 1078 697 1182 putauerim
721 1094 840 1149 semper¹
852 1075 929 1148 apud
945 1094 993 1133 me
1006 1074 1066 1133 ⁴in.

40 1233 44 1240 ,
134 1182 219 1248 tegra
244 1172 317 1229 erit:
352 1172 476 1245 denique
504 1172 585 1239 nihrl,
613 1190 659 1227 me
684 1170 805 1238 sciente,
832 1169 938 1225 frustra
965 1170 1063 1227 voles.

134 1267 223 1334 Nam,
238 1275 267 1320 ut
278 1284 335 1339 ego
348 1279 487 1332 aestumo‚
501 1284 603 1341 regem
627 1263 724 1333 armis,
752 1282 837 1337 quam
861 1264 1066 1323 munificentia

135 1360 221 1427 vinci,
232 1359 326 1414 minus
340 1360 523 1433 flagitiosum.
566 1358 707 1415 Ceterum
728 1356 764 1414 de
779 1358 941 1435 republica
952 1368 1064 1430 vestra,

135 1453 228 1528 ⁵cujus
242 1462 357 1509 curator
370 1455 427 1509 huc
437 1453 542 1509 missus
556 1471 599 1521 es,
615 1452 716 1527 paucis
728 1453 840 1527 accipe.
874 1452 989 1509 Bellum
1003 1472 1065 1529 ego

136 1550 240 1623 populo
255 1548 386 1608 Romano
400 1566 494 1623 neque
509 1547 576 1617 feci,
592 1566 685 1621 neque
704 1547 824 1603 ⁶factum
847 1564 984 1631 umquam
1010 1554 1064 1605 v'o.

136 1643 193 1699 lui:
215 1644 281 1697 finis
294 1662 376 1699 meas
391 1644 543 1699 advorsum
557 1652 683 1697 armatos
708 1642 795 1697 armis
817 1648 893 1696 tutus
908 1659 982 1696 sum.
1024 1640 1065 1699 Id
1118 1690 1123 1716 r

135 1736 244 1803 omitte,
261 1736 374 1809 quando
396 1736 477 1791 vobis
491 1736 531 1790 ita
545 1738 659 1808 placet:
682 1736 783 1810 gerite,
808 1734 847 1817 uti
875 1734 969 1816 uolua,
993 1752 1065 1793 cum
1119 1772 1123 1818 ι

135 1828 406 1903 Jugurthabellam.
449 1829 514 1904 Ego
541 1830 649 1883 fiumen
678 1829 854 1897 Mulucham,
869 1812 955 1901 'quod
983 1828 1065 1887 inter
1123 1818 1124 1843 ³

136 1940 182 1978 me
198 1932 226 1977 et
241 1923 394 1997 Micipsam
406 1922 469 1991 fuit,
483 1940 540 1979 nou
550 1918 705 1999 'egrediam
728 1940 822 1995 neque
844 1921 1016 1997 Jugurtham
1031 1924 1065 1981 id
1128 1952 1129 1979 ι

135 2018 242 2074 intrare
257 2018 359 2075 sinam.
402 2018 614 2086 ⁸Praetcrea‚'
592 2037 616 2072 s1
631 2018 698 2090 quid
719 2035 822 2091 meque
837 2016 975 2090 vobisque
990 2017 1063 2096 dig

136 2133 204 2168 num
216 2114 362 2188 petiveris,
376 2113 454 2169 haud
468 2113 599 2188 repulsus
610 2111 734 2168 abibisss’
805 2169 809 2174 ,

176 2206 253 2262 CXI.
275 2209 323 2262 Aa
337 2225 374 2261 ea
389 2207 471 2262 Sulla
483 2225 535 2279 pro
550 2225 581 2262 se
596 2207 722 2262 breviter
734 2214 764 2262 et
777 2181 911 2274 modicc3
934 2205 970 2261 de
986 2225 1061 2281 pace

136 2310 165 2356 et
179 2300 215 2354 de
230 2300 429 2356 communibus
443 2299 529 2354 rebus
543 2299 641 2355 multis
660 2289 829 2356 dissoluit.
846 2248 981 2372 Dedique
996 2303 1060 2376 regi

135 2393 284 2468 patefacit,
298 2393 573 2466 ”quodpdlliceatum
599 2403 732 2450 senatum
757 2402 785 2449 et
796 2394 932 2468 populum
953 2393 1060 2450 Roma·
1128 2401 1129 2406 ’

111 2493 115 2501 “
135 2507 213 2555 num,
225 2488 359 2561 quoniam
373 2487 495 2560 amplius
518 2489 607 2544 armis
621 2489 786 2555 valuissent,
807 2506 865 2543 non
884 2487 1061 2562 ingratiam
1122 2561 1123 2566 Ἰ

136 2583 299 2638 habituros:
322 2581 489 2638 faciundum
504 2582 621 2655 aliquid,
637 2583 712 2654 quod
726 2583 839 2638 illorum
855 2581 959 2656 magis
974 2601 1061 2656 quam

135 2672 682 2745 sua‚retu1istevideretur:¹⁰idade0
707 2676 737 2732 in
751 2684 862 2750 promtu
888 2695 965 2744 esse,
991 2695 1060 2749 quo·
1120 2695 1125 2730 l

135 2770 214 2826 niam
226 2773 389 2846 Jugurthae
404 2771 517 2845 copiam
532 2773 672 2827 haberet:
695 2789 780 2844 quem
794 2770 819 2831 si
835 2755 979 2826 'Romanis
1002 2780 1061 2828 tra.
1121 2752 1125 2784 ²

135 2865 262 2935 didisset,
274 2867 346 2933 sore,
358 2865 398 2921 uti
408 2865 449 2920 illi
461 2866 613 2939 plurimum
625 2864 779 2922 deberetur
789 2885 796 2934 ;
819 2865 986 2934 amicitiam,
998 2864 1061 2924 soe-

134 2960 198 3029 dua,
212 2960 368 3017 Numidiae
383 2969 504 3033 partem,
519 2978 605 3032 quam
628 2979 705 3016 nunc
728 2967 849 3033 peteret,
864 2960 937 3014 ultro
954 2959 1061 3018 adven-

134 3055 260 3111 turam.’'
301 3055 366 3110 Rex
380 3054 472 3129 primo
486 3055 657 3129 ¹1negitare:
681 3061 699 3088 “
710 3053 898 3120 adfinitatem,
910 3053 1061 3129 cognatio·
1128 3061 1129 3064 ’

3 3196 7 3202 .
96 3218 99 3222 ⁴
134 3168 212 3218 nem,
226 3159 379 3224 praeterea
393 3149 495 3205 foedus
509 3148 702 3214 intervenisse
715 3169 722 3203 ι
746 3148 782 3204 ad
797 3149 853 3204 hoc
867 3156 1009 3216 metuere,
1023 3167 1061 3206 ne

40 3273 47 3281 -
134 3243 232 3300 ”fluxa
244 3244 300 3300 fide
315 3264 393 3310 usae,
404 3242 584 3316 popularium
596 3242 707 3297 animos
717 3251 871 3311 averteret,
886 3242 950 3314 quia
965 3253 996 3298 et
1009 3241 1062 3298 Ju-
1128 3287 1129 3316 ι

79 3369 82 3375 ·
134 3339 240 3414 gurtha
254 3324 351 3406 camsi
365 3325 622 3394 etllomaniiuvisi
637 3335 752 3394 erant.’'
792 3336 927 3408 Denique
941 3337 1062 3411 saepius
1128 3375 1129 3382 ι

134 3432 282 3512 fatigatus,
296 3433 421 3490 ¹³leniter
441 3441 471 3488 et
484 3449 522 3489 ex
535 3431 680 3490 voluntate
696 3431 794 3492 Sullae
809 3432 906 3492 omnia
920 3451 952 3490 se
968 3432 1063 3494 sactu-
