2259 4050
237 298 240 307 '
338 292 498 349 Statuam
519 292 696 351 Jueunrun.
800 298 821 311 ““
927 296 984 355 128

66 444 117 503 illo
131 455 159 501 et
168 444 232 501 aliis
250 446 427 520 temporibus
447 447 526 516 belli,
540 448 647 522 pudore
669 449 772 525 magis,
786 456 872 522 quam
886 451 982 523 'malo‚

66 538 226 596 exercitum
239 535 395 594 coercebat
408 561 420 617 3
441 541 517 613 quod
542 542 621 597 multi
649 561 702 616 per
724 543 908 601 ambitionem
921 545 984 602 fieri

65 632 181 689 aiebant
192 652 199 701 ;
221 649 287 705 pars
298 632 371 705 quod
383 652 401 687 a
411 634 533 707 pueritia
542 644 711 691 consuetam
722 634 865 705 duritiem,
876 646 905 693 et
914 638 982 707 alia,

64 744 141 800 quae
155 726 244 781 ceteri
258 726 389 781 miserias
404 738 516 795 vocant,
543 728 681 802 voluptati
708 728 865 787 habuisset.
907 730 982 787 ²Nisi

64 830 162 875 tamen
185 838 243 874 res·
258 820 381 893 publica,
404 821 559 894 pariterue
574 822 751 879 saevissumo
764 820 895 897 imperia
907 825 983 881 bene

55 920 152 989 ‚atque
166 913 272 968 decore
287 922 379 987 gesta.

108 1005 158 1062 CI.
184 1004 293 1061 lomim
315 1014 418 1079 quarto
433 1007 557 1081 denique
573 1008 630 1078 die,
644 1010 721 1065 haud
733 1011 820 1085 longe
830 1013 866 1067 ab
880 1012 983 1086 oppido

54 1099 149 1156 ¹Cirta
174 1099 300 1172 undique
325 1100 409 1157 simul
435 1103 632 1175 speculatores
656 1103 716 1158 ³citi
730 1122 795 1159 sese
810 1106 982 1162 ostendunt:

67 1212 124 1269 qua
136 1212 168 1249 re
182 1193 273 1249 bostis
287 1192 391 1249 adesse
405 1194 589 1268 intellegitur.
632 1195 690 1251 Sed
704 1195 770 1269 quia
779 1189 888 1252 ‘divorsi
902 1197 983 1255 rede-

66 1297 159 1355 untes,
170 1287 243 1343 alius
254 1287 290 1342 ab
305 1286 363 1343 alia
372 1296 463 1360 purte,
474 1296 559 1359 atque
569 1306 669 1343 omnes
679 1288 756 1351 idem
765 1290 982 1365 significabant;

67 1382 166 1438 consul
180 1380 316 1449 incertus,
329 1400 454 1454 quonam
467 1382 551 1438 modo
566 1382 660 1438 aciem
674 1382 839 1452 instrueret,
850 1384 929 1441 nullo
940 1403 984 1442 or-

68 1475 133 1532 dine
147 1484 330 1542 commutato‚
345 1474 496 1531 advorsum
510 1476 607 1531 omnia
617 1486 745 1549 paratus,
754 1476 861 1533 ibidem
872 1480 984 1551 opperi.

67 1581 122 1627 tur.
157 1569 201 1626 lta
213 1569 232 1624 J
235 1570 387 1645 ugurtham
400 1586 468 1643 spes
482 1569 626 1635 frustrata,
641 1569 688 1641 qui
702 1569 801 1642 copias
815 1570 844 1625 in
865 1578 985 1643 quatuor

67 1662 448 1739 partisdistribuerat,ratus
471 1680 509 1717 ex
522 1663 655 1717 omnibus
682 1661 786 1735 ⁴aeque
813 1662 924 1736 aliquos
948 1665 984 1721 ab

14 1817 15 1820 ,
66 1769 147 1834 tergo
174 1758 301 1814 hostibus
328 1766 472 1813 venturos.
515 1755 635 1812 Interim
658 1756 748 1824 Sulla,
763 1774 848 1831 quem
863 1757 985 1841 primum

66 1851 238 1928 adtigeram,
253 1852 417 1907 cohortatus
431 1869 507 1919 suos,
532 1850 678 1907 turmatim
700 1860 729 1906 et
749 1868 836 1923 quam
851 1870 983 1909 maxume
1074 1894 1078 1903 .

14 1965 16 1970 ’
65 1944 202 2004 confertis
217 1944 306 2019 equis,
321 1945 382 2019 ipse
396 1943 502 2018 aliique
518 1942 635 2000 Mauros
659 1944 820 2010 invadunt:
843 1946 932 2001 ceteri
956 1946 985 2002 iu
1043 1937 1047 1941 ’

13 2092 14 2103 2
66 2042 131 2096 loco
141 2050 291 2110 manentes
305 2040 347 2094 ab'
352 2040 460 2113 jaculis
481 2040 593 2096 eminus
608 2039 722 2094 emissis
740 2057 861 2112 corpora
874 2049 984 2114 tegere,

13 2120 14 2148 ³
53 2127 143 2203 ”etssi
157 2134 207 2207 qiii
221 2135 250 2190 in
264 2151 365 2207 manus
378 2141 528 2200 venerant,
543 2134 726 2188 obtruncare.
759 2132 836 2188 Dum
850 2150 886 2188 eo
901 2133 985 2189 modo

66 2228 178 2302 equites
191 2228 376 2303 praeliantur,
392 2227 527 2283 Bocchus
540 2243 607 2281 cum
618 2225 769 2300 peditibus,
796 2245 867 2307 quos
881 2227 985 2296 Volux,

66 2322 142 2378 filins
151 2322 225 2396 ejus,
237 2321 404 2390 adduxerat,
412 2308 507 2393 necue
518 2319 653 2393 inpriore
661 2337 766 2394 pugna,
776 2320 806 2376 in
815 2319 917 2378 itinere
927 2339 985 2378 mo·
1022 2335 1026 2338 '

66 2416 129 2485 rati,
144 2413 306 2492 adsuerant,
320 2422 495 2488 postremam
509 2412 706 2468 Romanorum
729 2413 824 2469 aciem
837 2415 984 2472 invadunt.

66 2509 142 2566 Tum
152 2509 264 2566 Marius
274 2509 348 2580 apud
360 2507 465 2580 primos
474 2504 579 2580 agebat
590 2524 597 2572 ;
623 2505 696 2576 quod
710 2504 750 2560 ibi
763 2505 908 2580 Jugurtha
920 2525 986 2564 cum

67 2602 206 2678 plurimis.
249 2599 483 2666 Deib.Numida‚
512 2596 628 2679 cognito
639 2596 749 2652 Bocchi
763 2597 896 2666 adventu,
911 2601 986 2658 clam

67 2714 133 2752 cum
147 2692 249 2771 paucis
263 2693 312 2750 ⁵ad
325 2692 437 2768 pedites
451 2691 591 2747 convortit
605 2709 612 2744 :
634 2689 674 2745 ibi
689 2688 793 2745 Latine
809 2688 889 2765 (nam
913 2694 987 2766 apud

66 2789 254 2848 Numantiam
268 2787 347 2860 loqui
361 2783 516 2861 didicerat)
530 2784 675 2840 exclamat
690 2803 698 2839 t
720 2789 738 2818 “
750 2792 862 2841 nostros
882 2784 987 2844 frustra

66 2901 217 2960 pugnare3
238 2882 334 2956 paullo
361 2889 427 2936 ante
453 2878 578 2934 Marium
597 2876 988 2938 sua1menuintorfectum:”

66 2976 152 3034 simul
162 2976 291 3053 gladium
300 2974 442 3050 sanguine
455 2973 574 3030 oblitum
588 2971 751 3041 ostendere,
774 2990 860 3045 quem
873 2974 903 3029 in
917 2993 986 3050 pag.

66 3087 113 3139 na,
138 3071 221 3126 “satis
246 3069 369 3145 impigre
398 3067 496 3126 occiso
517 3066 614 3140 pedite
641 3074 748 3134 nostro,
770 3071 984 3126 cruentaverat.

66 3164 153 3230 Quod
166 3164 215 3221 ubi
229 3164 335 3220 milites
349 3180 502 3237 accepere,
520 3160 615 3236 magis
641 3159 801 3216 'atrocitate
824 3161 877 3230 rei,
901 3181 988 3236 quam

68 3258 125 3316 lide
139 3259 239 3316 nuncii
251 3265 409 3316 terrentur:
430 3255 571 3327 simulque
599 3253 715 3312 barbari
739 3253 850 3312 animos
876 3256 986 3324 tollere,

69 3352 140 3409 etin
159 3353 320 3430 'perculsos
340 3349 437 3408 acrius
460 3349 608 3406 incedere.
649 3347 771 3422 Jamque
797 3349 923 3423 paullum
950 3348 1011 3408 ab.
