<?xml version="1.0" encoding="UTF-8"?>
<!DOCTYPE html PUBLIC "-//W3C//DTD XHTML 1.0 Transitional//EN"
    "http://www.w3.org/TR/xhtml1/DTD/xhtml1-transitional.dtd">
<html xmlns="http://www.w3.org/1999/xhtml" xml:lang="en" lang="en">
 <head>
  <title>
</title>
<meta http-equiv="Content-Type" content="text/html;charset=utf-8" />
  <meta name='ocr-system' content='tesseract 3.04.00' />
  <meta name='ocr-capabilities' content='ocr_page ocr_carea ocr_par ocr_line ocrx_word'/>
</head>
<body>
  <div class='ocr_page' id='page_1' title='image "./ccrispisallusti01anthgoog_0050.png"; bbox 0 0 2259 4050; ppageno 0'>
   <div class='ocr_carea' id='block_1_1' title="bbox 64 319 859 424">
    <p class='ocr_par' dir='ltr' id='par_1_1' title="bbox 64 319 859 424">
     <span class='ocr_line' id='line_1_1' title="bbox 64 319 859 424; baseline -0.014 -17"><span class='ocrx_word' id='word_1_1' title='bbox 64 416 66 424; x_wconf 25' lang='grc' dir='ltr'>Ι</span> <span class='ocrx_word' id='word_1_2' title='bbox 120 384 123 392; x_wconf 87' lang='lat'>.</span> <span class='ocrx_word' id='word_1_3' title='bbox 157 349 211 406; x_wconf 56' lang='grc' dir='ltr'><em>Μ</em></span> <span class='ocrx_word' id='word_1_4' title='bbox 428 397 430 402; x_wconf 94' lang='grc'>.</span> <span class='ocrx_word' id='word_1_5' title='bbox 464 328 627 410; x_wconf 60' lang='lat' dir='ltr'>Suadeam</span> <span class='ocrx_word' id='word_1_6' title='bbox 647 336 813 400; x_wconf 69' lang='lat' dir='ltr'>Carum.</span> <span class='ocrx_word' id='word_1_7' title='bbox 851 319 859 350; x_wconf 67' lang='lat'>³</span> 
     </span>
    </p>
   </div>
   <div class='ocr_carea' id='block_1_2' title="bbox 77 476 1123 3567">
    <p class='ocr_par' dir='ltr' id='par_1_2' title="bbox 127 476 1122 1784">
     <span class='ocr_line' id='line_1_2' title="bbox 174 476 1080 576; baseline -0.019 -17"><span class='ocrx_word' id='word_1_8' title='bbox 174 511 258 576; x_wconf 88' lang='lat' dir='ltr'>atque</span> <span class='ocrx_word' id='word_1_9' title='bbox 268 500 431 558; x_wconf 82' lang='lat' dir='ltr'>libertatem</span> <span class='ocrx_word' id='word_1_10' title='bbox 445 505 638 570; x_wconf 82' lang='lat' dir='ltr'>extorqueret.</span> <span class='ocrx_word' id='word_1_11' title='bbox 661 497 756 552; x_wconf 85' lang='lat' dir='ltr'>Fuere</span> <span class='ocrx_word' id='word_1_12' title='bbox 764 476 873 551; x_wconf 53' lang='lat' dir='ltr'>&#39;tamen</span> <span class='ocrx_word' id='word_1_13' title='bbox 886 492 980 548; x_wconf 69' lang='lat' dir='ltr'>uxta</span> <span class='ocrx_word' id='word_1_14' title='bbox 992 482 1080 560; x_wconf 85' lang='lat' dir='ltr'>conju·</span> 
     </span>
     <span class='ocr_line' id='line_1_3' title="bbox 174 579 1081 664; baseline -0.017 -14"><span class='ocrx_word' id='word_1_15' title='bbox 174 595 314 652; x_wconf 77' lang='lat' dir='ltr'>rationem</span> <span class='ocrx_word' id='word_1_16' title='bbox 325 591 496 664; x_wconf 84' lang='lat' dir='ltr'>complures,</span> <span class='ocrx_word' id='word_1_17' title='bbox 507 589 555 663; x_wconf 90' lang='lat' dir='ltr'>qui</span> <span class='ocrx_word' id='word_1_18' title='bbox 567 589 602 644; x_wconf 83' lang='lat' dir='ltr'>ed</span> <span class='ocrx_word' id='word_1_19' title='bbox 615 585 772 645; x_wconf 82' lang='lat' dir='ltr'>Catilinam</span> <span class='ocrx_word' id='word_1_20' title='bbox 783 586 866 644; x_wconf 90' lang='lat' dir='ltr'>initio</span> <span class='ocrx_word' id='word_1_21' title='bbox 874 579 996 660; x_wconf 89' lang='lat' dir='ltr'>profecti</span> <span class='ocrx_word' id='word_1_22' title='bbox 1007 587 1081 637; x_wconf 78' lang='lat' dir='ltr'>sunt:</span> 
     </span>
     <span class='ocr_line' id='line_1_4' title="bbox 175 681 1082 754; baseline -0.019 -11"><span class='ocrx_word' id='word_1_23' title='bbox 175 689 204 744; x_wconf 90' lang='lat' dir='ltr'>in</span> <span class='ocrx_word' id='word_1_24' title='bbox 218 681 320 742; x_wconf 60' lang='lat' dir='ltr'>hiem.</span> <span class='ocrx_word' id='word_1_25' title='bbox 333 682 460 750; x_wconf 84' lang='lat' dir='ltr'>Fulvius,</span> <span class='ocrx_word' id='word_1_26' title='bbox 485 682 626 738; x_wconf 85' lang='lat' dir='ltr'>senatoris</span> <span class='ocrx_word' id='word_1_27' title='bbox 647 682 743 751; x_wconf 73' lang='lat' dir='ltr'>filius,</span> <span class='ocrx_word' id='word_1_28' title='bbox 765 699 863 754; x_wconf 90' lang='lat' dir='ltr'>quem,</span> <span class='ocrx_word' id='word_1_29' title='bbox 888 684 1042 734; x_wconf 85' lang='lat' dir='ltr'>retractum</span> <span class='ocrx_word' id='word_1_30' title='bbox 1052 688 1082 726; x_wconf 87' lang='lat' dir='ltr'>ex</span> 
     </span>
     <span class='ocr_line' id='line_1_5' title="bbox 175 763 1082 850; baseline -0.017 -15"><span class='ocrx_word' id='word_1_31' title='bbox 175 779 289 845; x_wconf 81' lang='lat' dir='ltr'>itinere,</span> <span class='ocrx_word' id='word_1_32' title='bbox 301 769 532 850; x_wconf 59' lang='lat' dir='ltr'>barens&#39;necari</span> <span class='ocrx_word' id='word_1_33' title='bbox 541 774 640 847; x_wconf 87' lang='lat' dir='ltr'>jussit.</span> <span class='ocrx_word' id='word_1_34' title='bbox 682 773 779 830; x_wconf 91' lang='lat' dir='ltr'>Isdem</span> <span class='ocrx_word' id='word_1_35' title='bbox 787 768 969 846; x_wconf 90' lang='lat' dir='ltr'>temporibus</span> <span class='ocrx_word' id='word_1_36' title='bbox 983 763 1082 824; x_wconf 81' lang='lat' dir='ltr'>Romae</span> 
     </span>
     <span class='ocr_line' id='line_1_6' title="bbox 177 858 1082 948; baseline -0.013 -20"><span class='ocrx_word' id='word_1_37' title='bbox 177 868 329 936; x_wconf 79' lang='lat' dir='ltr'>Lentulus,</span> <span class='ocrx_word' id='word_1_38' title='bbox 341 867 425 923; x_wconf 89' lang='lat' dir='ltr'>sicuti</span> <span class='ocrx_word' id='word_1_39' title='bbox 441 865 569 922; x_wconf 81' lang='lat' dir='ltr'>Catilina</span> <span class='ocrx_word' id='word_1_40' title='bbox 582 875 782 940; x_wconf 83' lang='lat' dir='ltr'>praeceperat,</span> <span class='ocrx_word' id='word_1_41' title='bbox 801 881 998 948; x_wconf 49' lang='lat' dir='ltr'>quomumque</span> <span class='ocrx_word' id='word_1_42' title='bbox 1009 858 1082 920; x_wconf 88' lang='lat' dir='ltr'>mori·</span> 
     </span>
     <span class='ocr_line' id='line_1_7' title="bbox 176 960 1082 1031; baseline -0.003 -11"><span class='ocrx_word' id='word_1_43' title='bbox 176 962 230 1020; x_wconf 89' lang='lat' dir='ltr'>bus</span> <span class='ocrx_word' id='word_1_44' title='bbox 244 971 293 1018; x_wconf 86' lang='lat' dir='ltr'>aut</span> <span class='ocrx_word' id='word_1_45' title='bbox 307 960 423 1019; x_wconf 88' lang='lat' dir='ltr'>fortuna</span> <span class='ocrx_word' id='word_1_46' title='bbox 430 960 611 1017; x_wconf 76' lang='lat' dir='ltr'>novisrebus</span> <span class='ocrx_word' id='word_1_47' title='bbox 625 960 745 1016; x_wconf 88' lang='lat' dir='ltr'>idoneos</span> <span class='ocrx_word' id='word_1_48' title='bbox 760 960 911 1028; x_wconf 87' lang='lat' dir='ltr'>credebat,</span> <span class='ocrx_word' id='word_1_49' title='bbox 924 966 973 1015; x_wconf 86' lang='lat' dir='ltr'>aut</span> <span class='ocrx_word' id='word_1_50' title='bbox 986 972 1036 1031; x_wconf 87' lang='lat' dir='ltr'>per</span> <span class='ocrx_word' id='word_1_51' title='bbox 1048 970 1082 1017; x_wconf 72' lang='lat' dir='ltr'>se,</span> 
     </span>
     <span class='ocr_line' id='line_1_8' title="bbox 178 1048 1083 1130; baseline -0.012 -18"><span class='ocrx_word' id='word_1_52' title='bbox 178 1065 227 1112; x_wconf 90' lang='lat' dir='ltr'>aut</span> <span class='ocrx_word' id='word_1_53' title='bbox 241 1073 294 1130; x_wconf 84' lang='lat' dir='ltr'>per</span> <span class='ocrx_word' id='word_1_54' title='bbox 308 1055 379 1112; x_wconf 87' lang='lat' dir='ltr'>alios</span> <span class='ocrx_word' id='word_1_55' title='bbox 393 1054 587 1123; x_wconf 82' lang='lat' dir='ltr'>sollicitabat3</span> <span class='ocrx_word' id='word_1_56' title='bbox 610 1071 704 1126; x_wconf 89' lang='lat' dir='ltr'>neque</span> <span class='ocrx_word' id='word_1_57' title='bbox 719 1053 812 1109; x_wconf 88' lang='lat' dir='ltr'>solum</span> <span class='ocrx_word' id='word_1_58' title='bbox 828 1052 921 1122; x_wconf 87' lang='lat' dir='ltr'>cives,</span> <span class='ocrx_word' id='word_1_59' title='bbox 936 1051 988 1108; x_wconf 90' lang='lat' dir='ltr'>sed</span> <span class='ocrx_word' id='word_1_60' title='bbox 1002 1048 1083 1122; x_wconf 80' lang='lat' dir='ltr'>cujus-</span> 
     </span>
     <span class='ocr_line' id='line_1_9' title="bbox 153 1141 1082 1225; baseline -0.014 -18"><span class='ocrx_word' id='word_1_61' title='bbox 153 1184 155 1188; x_wconf 95' lang='lat'>·</span> <span class='ocrx_word' id='word_1_62' title='bbox 177 1149 311 1225; x_wconf 90' lang='lat' dir='ltr'>quemodi</span> <span class='ocrx_word' id='word_1_63' title='bbox 326 1167 417 1225; x_wconf 88' lang='lat' dir='ltr'>genus</span> <span class='ocrx_word' id='word_1_64' title='bbox 431 1147 587 1216; x_wconf 88' lang='lat' dir='ltr'>hominum,</span> <span class='ocrx_word' id='word_1_65' title='bbox 606 1146 692 1220; x_wconf 81' lang='lat' dir='ltr'>⁴quod</span> <span class='ocrx_word' id='word_1_66' title='bbox 705 1147 790 1203; x_wconf 90' lang='lat' dir='ltr'>modo</span> <span class='ocrx_word' id='word_1_67' title='bbox 807 1145 918 1224; x_wconf 88' lang='lat' dir='ltr'>[bello]</span> <span class='ocrx_word' id='word_1_68' title='bbox 934 1144 998 1200; x_wconf 88' lang='lat' dir='ltr'>usui</span> <span class='ocrx_word' id='word_1_69' title='bbox 1012 1141 1082 1199; x_wconf 81' lang='lat' dir='ltr'>foret.</span> 
     </span>
     <span class='ocr_line' id='line_1_10' title="bbox 210 1237 1084 1315; baseline -0.009 -15"><span class='ocrx_word' id='word_1_70' title='bbox 210 1241 274 1300; x_wconf 90' lang='lat' dir='ltr'>XL.</span> <span class='ocrx_word' id='word_1_71' title='bbox 291 1241 400 1298; x_wconf 75' lang='lat' dir='ltr'>lomna</span> <span class='ocrx_word' id='word_1_72' title='bbox 410 1240 443 1296; x_wconf 89' lang='lat' dir='ltr'>P.</span> <span class='ocrx_word' id='word_1_73' title='bbox 454 1241 603 1298; x_wconf 82' lang='lat' dir='ltr'>Umbreno</span> <span class='ocrx_word' id='word_1_74' title='bbox 612 1239 726 1295; x_wconf 87' lang='lat' dir='ltr'>cuidam</span> <span class='ocrx_word' id='word_1_75' title='bbox 737 1238 888 1315; x_wconf 81' lang='lat' dir='ltr'>negotium</span> <span class='ocrx_word' id='word_1_76' title='bbox 898 1240 957 1308; x_wconf 85' lang='lat' dir='ltr'>dat,</span> <span class='ocrx_word' id='word_1_77' title='bbox 968 1237 1008 1295; x_wconf 88' lang='lat' dir='ltr'>uti</span> <span class='ocrx_word' id='word_1_78' title='bbox 1017 1237 1044 1292; x_wconf 92' lang='lat' dir='ltr'>le</span> <span class='ocrx_word' id='word_1_79' title='bbox 1077 1269 1084 1280; x_wconf 91' lang='lat'><strong>·</strong></span> 
     </span>
     <span class='ocr_line' id='line_1_11' title="bbox 178 1325 1122 1408; baseline -0.008 -18"><span class='ocrx_word' id='word_1_80' title='bbox 178 1346 223 1391; x_wconf 89' lang='lat' dir='ltr'>tos</span> <span class='ocrx_word' id='word_1_81' title='bbox 236 1334 435 1408; x_wconf 85' lang='lat' dir='ltr'>⁵Allobr0gum</span> <span class='ocrx_word' id='word_1_82' title='bbox 459 1331 597 1404; x_wconf 88' lang='lat' dir='ltr'>requirat,</span> <span class='ocrx_word' id='word_1_83' title='bbox 622 1349 739 1405; x_wconf 87' lang='lat' dir='ltr'>eosque,</span> <span class='ocrx_word' id='word_1_84' title='bbox 762 1332 787 1400; x_wconf 86' lang='lat' dir='ltr'>si</span> <span class='ocrx_word' id='word_1_85' title='bbox 801 1334 905 1406; x_wconf 84' lang='lat' dir='ltr'>possit,</span> <span class='ocrx_word' id='word_1_86' title='bbox 917 1332 1044 1407; x_wconf 90' lang='lat' dir='ltr'>impellat</span> <span class='ocrx_word' id='word_1_87' title='bbox 1056 1325 1085 1382; x_wconf 86' lang='lat' dir='ltr'>ad</span> <span class='ocrx_word' id='word_1_88' title='bbox 1114 1340 1122 1399; x_wconf 57' lang='lat' dir='ltr'>j</span> 
     </span>
     <span class='ocr_line' id='line_1_12' title="bbox 179 1423 1086 1501; baseline -0.01 -18"><span class='ocrx_word' id='word_1_89' title='bbox 179 1427 348 1484; x_wconf 86' lang='lat' dir='ltr'>societatem</span> <span class='ocrx_word' id='word_1_90' title='bbox 362 1425 430 1482; x_wconf 89' lang='lat' dir='ltr'>belli</span> <span class='ocrx_word' id='word_1_91' title='bbox 443 1445 450 1495; x_wconf 85' lang='lat'>3</span> <span class='ocrx_word' id='word_1_92' title='bbox 483 1423 670 1493; x_wconf 84' lang='lat' dir='ltr'>existumans,</span> <span class='ocrx_word' id='word_1_93' title='bbox 693 1424 808 1498; x_wconf 88' lang='lat' dir='ltr'>publice</span> <span class='ocrx_word' id='word_1_94' title='bbox 823 1427 1016 1501; x_wconf 87' lang='lat' dir='ltr'>privatimque</span> <span class='ocrx_word' id='word_1_95' title='bbox 1029 1437 1086 1479; x_wconf 83' lang='lat' dir='ltr'>aere</span> 
     </span>
     <span class='ocr_line' id='line_1_13' title="bbox 179 1515 1088 1598; baseline -0.009 -20"><span class='ocrx_word' id='word_1_96' title='bbox 179 1521 275 1578; x_wconf 86' lang='lat' dir='ltr'>alieno</span> <span class='ocrx_word' id='word_1_97' title='bbox 295 1537 457 1596; x_wconf 86' lang='lat' dir='ltr'>oppressos,</span> <span class='ocrx_word' id='word_1_98' title='bbox 477 1524 639 1593; x_wconf 82' lang='lat' dir='ltr'>praeterea,</span> <span class='ocrx_word' id='word_1_99' title='bbox 658 1518 733 1591; x_wconf 90' lang='lat' dir='ltr'>quod</span> <span class='ocrx_word' id='word_1_100' title='bbox 753 1526 859 1575; x_wconf 86' lang='lat' dir='ltr'>natura</span> <span class='ocrx_word' id='word_1_101' title='bbox 878 1521 964 1598; x_wconf 69' lang='lat' dir='ltr'>“gens</span> <span class='ocrx_word' id='word_1_102' title='bbox 985 1515 1088 1576; x_wconf 81' lang='lat' dir='ltr'>Gallica</span> 
     </span>
     <span class='ocr_line' id='line_1_14' title="bbox 179 1611 1121 1690; baseline -0.01 -18"><span class='ocrx_word' id='word_1_103' title='bbox 179 1615 320 1672; x_wconf 89' lang='lat' dir='ltr'>bellicosa</span> <span class='ocrx_word' id='word_1_104' title='bbox 333 1621 421 1682; x_wconf 86' lang='lat' dir='ltr'>esset,</span> <span class='ocrx_word' id='word_1_105' title='bbox 434 1612 522 1669; x_wconf 82' lang='lat' dir='ltr'>facile</span> <span class='ocrx_word' id='word_1_106' title='bbox 533 1631 585 1668; x_wconf 88' lang='lat' dir='ltr'>eos</span> <span class='ocrx_word' id='word_1_107' title='bbox 596 1612 703 1668; x_wconf 51' lang='lat' dir='ltr'>ad‘tale</span> <span class='ocrx_word' id='word_1_108' title='bbox 714 1611 869 1671; x_wconf 87' lang='lat' dir='ltr'>consilium</span> <span class='ocrx_word' id='word_1_109' title='bbox 880 1615 988 1672; x_wconf 83' lang='lat' dir='ltr'>adduci</span> <span class='ocrx_word' id='word_1_110' title='bbox 1002 1626 1087 1690; x_wconf 82' lang='lat' dir='ltr'>posse.</span> <span class='ocrx_word' id='word_1_111' title='bbox 1120 1658 1121 1665; x_wconf 73' lang='grc'>,</span> 
     </span>
     <span class='ocr_line' id='line_1_15' title="bbox 127 1702 1089 1784; baseline -0.008 -20"><span class='ocrx_word' id='word_1_112' title='bbox 127 1732 130 1738; x_wconf 92' lang='lat'>·</span> <span class='ocrx_word' id='word_1_113' title='bbox 180 1707 354 1774; x_wconf 83' lang='lat' dir='ltr'>Umbrenus,</span> <span class='ocrx_word' id='word_1_114' title='bbox 365 1706 441 1780; x_wconf 91' lang='lat' dir='ltr'>quod</span> <span class='ocrx_word' id='word_1_115' title='bbox 454 1707 484 1761; x_wconf 87' lang='lat' dir='ltr'>in</span> <span class='ocrx_word' id='word_1_116' title='bbox 496 1703 593 1761; x_wconf 76' lang='lat' dir='ltr'>Gallia</span> <span class='ocrx_word' id='word_1_117' title='bbox 602 1705 785 1780; x_wconf 57' lang='lat' dir='ltr'>&#39;negotiatus</span> <span class='ocrx_word' id='word_1_118' title='bbox 796 1708 946 1782; x_wconf 89' lang='lat' dir='ltr'>plerisque</span> <span class='ocrx_word' id='word_1_119' title='bbox 956 1702 1089 1784; x_wconf 70' lang='lat' dir='ltr'>⁸principi·</span> 
     </span>
    </p>

    <p class='ocr_par' dir='ltr' id='par_1_3' title="bbox 94 1785 1120 2065">
     <span class='ocr_line' id='line_1_16' title="bbox 94 1785 1120 1873; baseline -0.003 -17"><span class='ocrx_word' id='word_1_120' title='bbox 94 1817 96 1822; x_wconf 78' lang='grc'>’</span> <span class='ocrx_word' id='word_1_121' title='bbox 179 1802 233 1856; x_wconf 89' lang='lat' dir='ltr'>bus</span> <span class='ocrx_word' id='word_1_122' title='bbox 245 1808 329 1856; x_wconf 87' lang='lat' dir='ltr'>notus</span> <span class='ocrx_word' id='word_1_123' title='bbox 340 1805 412 1866; x_wconf 86' lang='lat' dir='ltr'>erat,</span> <span class='ocrx_word' id='word_1_124' title='bbox 427 1805 513 1872; x_wconf 85' lang='lat' dir='ltr'>atque</span> <span class='ocrx_word' id='word_1_125' title='bbox 528 1815 579 1854; x_wconf 85' lang='lat' dir='ltr'>eos</span> <span class='ocrx_word' id='word_1_126' title='bbox 593 1807 731 1854; x_wconf 83' lang='lat' dir='ltr'>noverat:</span> <span class='ocrx_word' id='word_1_127' title='bbox 752 1799 853 1873; x_wconf 78' lang='lat' dir='ltr'>itaque</span> <span class='ocrx_word' id='word_1_128' title='bbox 868 1803 933 1860; x_wconf 88' lang='lat' dir='ltr'>sine</span> <span class='ocrx_word' id='word_1_129' title='bbox 948 1819 1038 1870; x_wconf 88' lang='lat' dir='ltr'>mora,</span> <span class='ocrx_word' id='word_1_130' title='bbox 1051 1793 1091 1853; x_wconf 86' lang='lat' dir='ltr'>ubi</span> <span class='ocrx_word' id='word_1_131' title='bbox 1118 1785 1120 1800; x_wconf 62' lang='lat'><strong>¹</strong></span> 
     </span>
     <span class='ocr_line' id='line_1_17' title="bbox 180 1885 1092 1970; baseline 0.001 -21"><span class='ocrx_word' id='word_1_132' title='bbox 180 1893 304 1968; x_wconf 89' lang='lat' dir='ltr'>primum</span> <span class='ocrx_word' id='word_1_133' title='bbox 317 1892 431 1968; x_wconf 83' lang='lat' dir='ltr'>legatos</span> <span class='ocrx_word' id='word_1_134' title='bbox 444 1891 474 1946; x_wconf 91' lang='lat' dir='ltr'>in</span> <span class='ocrx_word' id='word_1_135' title='bbox 489 1891 550 1947; x_wconf 87' lang='lat' dir='ltr'>foro</span> <span class='ocrx_word' id='word_1_136' title='bbox 575 1885 737 1965; x_wconf 82' lang='lat' dir='ltr'>conspexit,</span> <span class='ocrx_word' id='word_1_137' title='bbox 760 1892 986 1970; x_wconf 49' lang='lat' dir='ltr'>Jpercunctatus</span> <span class='ocrx_word' id='word_1_138' title='bbox 1009 1907 1092 1970; x_wconf 70' lang='lat' dir='ltr'>pauca</span> 
     </span>
     <span class='ocr_line' id='line_1_18' title="bbox 180 1982 1092 2065; baseline -0.008 -21"><span class='ocrx_word' id='word_1_139' title='bbox 180 1988 215 2045; x_wconf 90' lang='lat' dir='ltr'>de</span> <span class='ocrx_word' id='word_1_140' title='bbox 230 1994 306 2044; x_wconf 87' lang='lat' dir='ltr'>statu</span> <span class='ocrx_word' id='word_1_141' title='bbox 321 1984 454 2054; x_wconf 88' lang='lat' dir='ltr'>civitatis,</span> <span class='ocrx_word' id='word_1_142' title='bbox 479 1992 508 2040; x_wconf 89' lang='lat' dir='ltr'>et</span> <span class='ocrx_word' id='word_1_143' title='bbox 521 1985 605 2058; x_wconf 86' lang='lat' dir='ltr'>quasi</span> <span class='ocrx_word' id='word_1_144' title='bbox 628 1985 729 2042; x_wconf 89' lang='lat' dir='ltr'>dolens</span> <span class='ocrx_word' id='word_1_145' title='bbox 743 1987 806 2061; x_wconf 85' lang='lat' dir='ltr'>ejus</span> <span class='ocrx_word' id='word_1_146' title='bbox 819 1982 935 2061; x_wconf 82' lang='lat' dir='ltr'>casum,</span> <span class='ocrx_word' id='word_1_147' title='bbox 955 1988 1092 2065; x_wconf 86' lang='lat' dir='ltr'>requirere</span> 
     </span>
    </p>

    <p class='ocr_par' dir='ltr' id='par_1_4' title="bbox 113 2078 1123 2738">
     <span class='ocr_line' id='line_1_19' title="bbox 113 2078 1121 2158; baseline -0.01 -15"><span class='ocrx_word' id='word_1_148' title='bbox 113 2138 116 2143; x_wconf 88' lang='lat'><em>.</em></span> <span class='ocrx_word' id='word_1_149' title='bbox 180 2081 285 2158; x_wconf 87' lang='lat' dir='ltr'>coepit,</span> <span class='ocrx_word' id='word_1_150' title='bbox 297 2088 407 2155; x_wconf 88' lang='lat' dir='ltr'>“quem</span> <span class='ocrx_word' id='word_1_151' title='bbox 421 2078 529 2135; x_wconf 87' lang='lat' dir='ltr'>exitum</span> <span class='ocrx_word' id='word_1_152' title='bbox 540 2079 628 2135; x_wconf 86' lang='lat' dir='ltr'>tantis</span> <span class='ocrx_word' id='word_1_153' title='bbox 638 2080 723 2135; x_wconf 90' lang='lat' dir='ltr'>malis</span> <span class='ocrx_word' id='word_1_154' title='bbox 733 2093 886 2155; x_wconf 86' lang='lat' dir='ltr'>sperarent</span> <span class='ocrx_word' id='word_1_155' title='bbox 894 2085 926 2141; x_wconf 79' lang='lat' dir='ltr'>l⁷³</span> <span class='ocrx_word' id='word_1_156' title='bbox 948 2086 1093 2156; x_wconf 88' lang='lat' dir='ltr'>Postquam</span> <span class='ocrx_word' id='word_1_157' title='bbox 1118 2101 1121 2158; x_wconf 60' lang='lat' dir='ltr'>p</span> 
     </span>
     <span class='ocr_line' id='line_1_20' title="bbox 179 2174 1092 2250; baseline -0.001 -19"><span class='ocrx_word' id='word_1_158' title='bbox 179 2177 243 2232; x_wconf 89' lang='lat' dir='ltr'>illos</span> <span class='ocrx_word' id='word_1_159' title='bbox 257 2176 355 2231; x_wconf 84' lang='lat' dir='ltr'>¹⁰videt</span> <span class='ocrx_word' id='word_1_160' title='bbox 366 2174 472 2248; x_wconf 87' lang='lat' dir='ltr'>“queri</span> <span class='ocrx_word' id='word_1_161' title='bbox 482 2174 517 2229; x_wconf 91' lang='lat' dir='ltr'>de</span> <span class='ocrx_word' id='word_1_162' title='bbox 530 2174 653 2230; x_wconf 82' lang='lat' dir='ltr'>avaritia</span> <span class='ocrx_word' id='word_1_163' title='bbox 662 2175 894 2250; x_wconf 87' lang='lat' dir='ltr'>magistratuum,</span> <span class='ocrx_word' id='word_1_164' title='bbox 904 2195 1046 2235; x_wconf 84' lang='lat' dir='ltr'>accusare</span> <span class='ocrx_word' id='word_1_165' title='bbox 1057 2190 1092 2230; x_wconf 84' lang='lat' dir='ltr'>se·</span> 
     </span>
     <span class='ocr_line' id='line_1_21' title="bbox 179 2266 1092 2341; baseline 0.003 -17"><span class='ocrx_word' id='word_1_166' title='bbox 179 2277 287 2337; x_wconf 89' lang='lat' dir='ltr'>natum,</span> <span class='ocrx_word' id='word_1_167' title='bbox 302 2268 378 2341; x_wconf 91' lang='lat' dir='ltr'>quod</span> <span class='ocrx_word' id='word_1_168' title='bbox 391 2266 421 2323; x_wconf 91' lang='lat' dir='ltr'>in</span> <span class='ocrx_word' id='word_1_169' title='bbox 435 2286 470 2323; x_wconf 89' lang='lat' dir='ltr'>eo</span> <span class='ocrx_word' id='word_1_170' title='bbox 480 2266 579 2323; x_wconf 83' lang='lat' dir='ltr'>auxilii</span> <span class='ocrx_word' id='word_1_171' title='bbox 592 2266 666 2323; x_wconf 90' lang='lat' dir='ltr'>nihil</span> <span class='ocrx_word' id='word_1_172' title='bbox 677 2275 774 2335; x_wconf 82' lang='lat' dir='ltr'>esset3</span> <span class='ocrx_word' id='word_1_173' title='bbox 796 2267 924 2327; x_wconf 87' lang='lat' dir='ltr'>miseriis</span> <span class='ocrx_word' id='word_1_174' title='bbox 938 2274 1000 2331; x_wconf 89' lang='lat' dir='ltr'>suis</span> <span class='ocrx_word' id='word_1_175' title='bbox 1010 2285 1092 2329; x_wconf 85' lang='lat' dir='ltr'>reme·</span> 
     </span>
     <span class='ocr_line' id='line_1_22' title="bbox 179 2357 1094 2436; baseline -0.004 -19"><span class='ocrx_word' id='word_1_176' title='bbox 179 2362 258 2418; x_wconf 89' lang='lat' dir='ltr'>dium</span> <span class='ocrx_word' id='word_1_177' title='bbox 268 2370 389 2419; x_wconf 89' lang='lat' dir='ltr'>mortem</span> <span class='ocrx_word' id='word_1_178' title='bbox 401 2368 572 2435; x_wconf 87' lang='lat' dir='ltr'>exspectare</span> <span class='ocrx_word' id='word_1_179' title='bbox 586 2359 614 2415; x_wconf 88' lang='lat'>:&#39;’</span> <span class='ocrx_word' id='word_1_180' title='bbox 636 2366 654 2394; x_wconf 88' lang='lat'><strong>“</strong></span> <span class='ocrx_word' id='word_1_181' title='bbox 666 2368 695 2416; x_wconf 84' lang='lat' dir='ltr'>at</span> <span class='ocrx_word' id='word_1_182' title='bbox 705 2359 792 2436; x_wconf 90' lang='lat' dir='ltr'>ego,”</span> <span class='ocrx_word' id='word_1_183' title='bbox 806 2359 909 2433; x_wconf 88' lang='lat' dir='ltr'>inquit,</span> <span class='ocrx_word' id='word_1_184' title='bbox 926 2372 946 2399; x_wconf 85' lang='lat'><strong>“</strong></span> <span class='ocrx_word' id='word_1_185' title='bbox 955 2363 1046 2434; x_wconf 73' lang='lat' dir='ltr'>vobis,</span> <span class='ocrx_word' id='word_1_186' title='bbox 1056 2357 1094 2414; x_wconf 89' lang='lat' dir='ltr'>¹¹si</span> 
     </span>
     <span class='ocr_line' id='line_1_23' title="bbox 180 2453 1096 2530; baseline -0.005 -16"><span class='ocrx_word' id='word_1_187' title='bbox 180 2457 264 2514; x_wconf 89' lang='lat' dir='ltr'>modo</span> <span class='ocrx_word' id='word_1_188' title='bbox 278 2456 331 2513; x_wconf 86' lang='lat' dir='ltr'>viri</span> <span class='ocrx_word' id='word_1_189' title='bbox 346 2470 411 2512; x_wconf 87' lang='lat' dir='ltr'>esse</span> <span class='ocrx_word' id='word_1_190' title='bbox 431 2454 525 2523; x_wconf 87' lang='lat' dir='ltr'>voltis,</span> <span class='ocrx_word' id='word_1_191' title='bbox 537 2454 681 2511; x_wconf 90' lang='lat' dir='ltr'>rationem</span> <span class='ocrx_word' id='word_1_192' title='bbox 694 2453 854 2523; x_wconf 89' lang='lat' dir='ltr'>ostendam,</span> <span class='ocrx_word' id='word_1_193' title='bbox 879 2474 940 2530; x_wconf 87' lang='lat' dir='ltr'>qua</span> <span class='ocrx_word' id='word_1_194' title='bbox 954 2469 1037 2517; x_wconf 88' lang='lat' dir='ltr'>tanta</span> <span class='ocrx_word' id='word_1_195' title='bbox 1048 2458 1096 2513; x_wconf 82' lang='lat' dir='ltr'>ista</span> 
     </span>
     <span class='ocr_line' id='line_1_24' title="bbox 180 2548 1097 2643; baseline -0.005 -34"><span class='ocrx_word' id='word_1_196' title='bbox 180 2548 446 2643; x_wconf 84' lang='lat' dir='ltr'>malaeffugiatis.”</span> <span class='ocrx_word' id='word_1_197' title='bbox 467 2548 552 2605; x_wconf 86' lang='lat' dir='ltr'>Haec</span> <span class='ocrx_word' id='word_1_198' title='bbox 561 2549 611 2605; x_wconf 90' lang='lat' dir='ltr'>ubi</span> <span class='ocrx_word' id='word_1_199' title='bbox 621 2549 701 2617; x_wconf 87' lang='lat' dir='ltr'>dixit,</span> <span class='ocrx_word' id='word_1_200' title='bbox 710 2548 884 2625; x_wconf 85' lang='lat' dir='ltr'>Allobroges</span> <span class='ocrx_word' id='word_1_201' title='bbox 894 2550 927 2607; x_wconf 92' lang='lat' dir='ltr'>in</span> <span class='ocrx_word' id='word_1_202' title='bbox 938 2564 1097 2611; x_wconf 85' lang='lat' dir='ltr'>maxumam</span> 
     </span>
     <span class='ocr_line' id='line_1_25' title="bbox 181 2642 1123 2738; baseline -0.002 -36"><span class='ocrx_word' id='word_1_203' title='bbox 181 2665 261 2722; x_wconf 86' lang='lat' dir='ltr'>spem</span> <span class='ocrx_word' id='word_1_204' title='bbox 276 2645 393 2703; x_wconf 87' lang='lat' dir='ltr'>adducti</span> <span class='ocrx_word' id='word_1_205' title='bbox 408 2644 588 2701; x_wconf 87' lang='lat' dir='ltr'>Umbrenum</span> <span class='ocrx_word' id='word_1_206' title='bbox 609 2660 703 2709; x_wconf 89' lang='lat' dir='ltr'>orare,</span> <span class='ocrx_word' id='word_1_207' title='bbox 718 2642 759 2697; x_wconf 89' lang='lat' dir='ltr'>uti</span> <span class='ocrx_word' id='word_1_208' title='bbox 770 2642 815 2697; x_wconf 87' lang='lat' dir='ltr'>sui</span> <span class='ocrx_word' id='word_1_209' title='bbox 829 2642 1043 2705; x_wconf 82' lang='lat' dir='ltr'>misereretur:</span> <span class='ocrx_word' id='word_1_210' title='bbox 1063 2642 1099 2700; x_wconf 90' lang='lat' dir='ltr'>ni·</span> <span class='ocrx_word' id='word_1_211' title='bbox 1121 2675 1123 2738; x_wconf 47' lang='lat' dir='ltr'>p</span> 
     </span>
    </p>

    <p class='ocr_par' dir='ltr' id='par_1_5' title="bbox 77 2734 1123 3567">
     <span class='ocr_line' id='line_1_26' title="bbox 180 2734 1123 2845; baseline -0.002 -48"><span class='ocrx_word' id='word_1_212' title='bbox 180 2742 220 2797; x_wconf 88' lang='lat' dir='ltr'>hil</span> <span class='ocrx_word' id='word_1_213' title='bbox 233 2750 293 2797; x_wconf 86' lang='lat' dir='ltr'>tam</span> <span class='ocrx_word' id='word_1_214' title='bbox 307 2756 451 2815; x_wconf 89' lang='lat' dir='ltr'>asperum,</span> <span class='ocrx_word' id='word_1_215' title='bbox 475 2753 570 2809; x_wconf 86' lang='lat' dir='ltr'>neque</span> <span class='ocrx_word' id='word_1_216' title='bbox 580 2744 640 2790; x_wconf 86' lang='lat' dir='ltr'>tam</span> <span class='ocrx_word' id='word_1_217' title='bbox 654 2734 781 2804; x_wconf 88' lang='lat' dir='ltr'>difficile,</span> <span class='ocrx_word' id='word_1_218' title='bbox 802 2734 891 2809; x_wconf 76' lang='lat' dir='ltr'>¹&#39;quin</span> <span class='ocrx_word' id='word_1_219' title='bbox 907 2742 1099 2816; x_wconf 80' lang='lat' dir='ltr'>cupidissume</span> <span class='ocrx_word' id='word_1_220' title='bbox 1121 2743 1123 2845; x_wconf 53' lang='lat' dir='ltr'>l</span> 
     </span>
     <span class='ocr_line' id='line_1_27' title="bbox 181 2824 1123 2898; baseline -0.005 -8"><span class='ocrx_word' id='word_1_221' title='bbox 181 2833 285 2890; x_wconf 85' lang='lat' dir='ltr'>facturi</span> <span class='ocrx_word' id='word_1_222' title='bbox 295 2837 402 2898; x_wconf 82' lang='lat' dir='ltr'>essent,</span> <span class='ocrx_word' id='word_1_223' title='bbox 413 2830 481 2885; x_wconf 91' lang='lat' dir='ltr'>dum</span> <span class='ocrx_word' id='word_1_224' title='bbox 492 2846 529 2885; x_wconf 86' lang='lat' dir='ltr'>ea</span> <span class='ocrx_word' id='word_1_225' title='bbox 538 2846 587 2884; x_wconf 88' lang='lat' dir='ltr'>res</span> <span class='ocrx_word' id='word_1_226' title='bbox 598 2824 746 2885; x_wconf 76' lang='lat' dir='ltr'>civitatem</span> <span class='ocrx_word' id='word_1_227' title='bbox 756 2847 826 2886; x_wconf 82' lang='lat' dir='ltr'>aere</span> <span class='ocrx_word' id='word_1_228' title='bbox 837 2830 938 2890; x_wconf 90' lang='lat' dir='ltr'>alieno</span> <span class='ocrx_word' id='word_1_229' title='bbox 953 2835 1100 2892; x_wconf 86' lang='lat' dir='ltr'>liberaret.</span> <span class='ocrx_word' id='word_1_230' title='bbox 1121 2846 1123 2875; x_wconf 75' lang='lat'><strong>;</strong></span> 
     </span>
     <span class='ocr_line' id='line_1_28' title="bbox 180 2879 1123 3006; baseline -0.004 -22"><span class='ocrx_word' id='word_1_231' title='bbox 180 2926 233 2984; x_wconf 90' lang='lat' dir='ltr'>llle</span> <span class='ocrx_word' id='word_1_232' title='bbox 247 2943 299 2983; x_wconf 88' lang='lat' dir='ltr'>eos</span> <span class='ocrx_word' id='word_1_233' title='bbox 311 2923 342 2981; x_wconf 90' lang='lat' dir='ltr'>in</span> <span class='ocrx_word' id='word_1_234' title='bbox 357 2923 472 2979; x_wconf 88' lang='lat' dir='ltr'>domum</span> <span class='ocrx_word' id='word_1_235' title='bbox 482 2920 541 2978; x_wconf 80' lang='lat'>¹³1).</span> <span class='ocrx_word' id='word_1_236' title='bbox 555 2921 637 2979; x_wconf 88' lang='lat' dir='ltr'>Bruti</span> <span class='ocrx_word' id='word_1_237' title='bbox 648 2922 800 2997; x_wconf 83' lang='lat' dir='ltr'>perducit3</span> <span class='ocrx_word' id='word_1_238' title='bbox 822 2924 897 2997; x_wconf 85' lang='lat' dir='ltr'>qued</span> <span class='ocrx_word' id='word_1_239' title='bbox 908 2926 978 2985; x_wconf 87' lang='lat' dir='ltr'>foro</span> <span class='ocrx_word' id='word_1_240' title='bbox 992 2924 1102 3003; x_wconf 90' lang='lat' dir='ltr'>propin·</span> <span class='ocrx_word' id='word_1_241' title='bbox 1121 2879 1123 3006; x_wconf 66' lang='lat' dir='ltr'>l</span> 
     </span>
     <span class='ocr_line' id='line_1_29' title="bbox 180 3015 1122 3094; baseline -0.001 -17"><span class='ocrx_word' id='word_1_242' title='bbox 180 3038 247 3094; x_wconf 89' lang='lat' dir='ltr'>qua,</span> <span class='ocrx_word' id='word_1_243' title='bbox 271 3036 365 3091; x_wconf 89' lang='lat' dir='ltr'>neque</span> <span class='ocrx_word' id='word_1_244' title='bbox 386 3016 484 3074; x_wconf 85' lang='lat' dir='ltr'>aliena</span> <span class='ocrx_word' id='word_1_245' title='bbox 497 3015 621 3085; x_wconf 88' lang='lat' dir='ltr'>consilii,</span> <span class='ocrx_word' id='word_1_246' title='bbox 645 3025 763 3092; x_wconf 90' lang='lat' dir='ltr'>propter</span> <span class='ocrx_word' id='word_1_247' title='bbox 786 3016 994 3092; x_wconf 85' lang='lat' dir='ltr'>Semproniam</span> <span class='ocrx_word' id='word_1_248' title='bbox 1012 3044 1020 3093; x_wconf 82' lang='lat'>3</span> <span class='ocrx_word' id='word_1_249' title='bbox 1043 3025 1122 3077; x_wconf 64' lang='lat' dir='ltr'>nam*</span> 
     </span>
     <span class='ocr_line' id='line_1_30' title="bbox 77 3108 1122 3218; baseline -0.001 -48"><span class='ocrx_word' id='word_1_250' title='bbox 77 3134 152 3218; x_wconf 52' lang='lat' dir='ltr'>ff*</span> <span class='ocrx_word' id='word_1_251' title='bbox 179 3122 241 3170; x_wconf 90' lang='lat' dir='ltr'>tum</span> <span class='ocrx_word' id='word_1_252' title='bbox 255 3112 361 3169; x_wconf 89' lang='lat' dir='ltr'>Brutus</span> <span class='ocrx_word' id='word_1_253' title='bbox 374 3110 431 3167; x_wconf 77' lang='lat' dir='ltr'>¹⁴ab</span> <span class='ocrx_word' id='word_1_254' title='bbox 446 3108 540 3167; x_wconf 87' lang='lat' dir='ltr'>Roma</span> <span class='ocrx_word' id='word_1_255' title='bbox 553 3111 666 3167; x_wconf 59' lang='lat' dir='ltr'>aberatr</span> <span class='ocrx_word' id='word_1_256' title='bbox 695 3110 853 3168; x_wconf 84' lang='lat' dir='ltr'>Praeterea</span> <span class='ocrx_word' id='word_1_257' title='bbox 876 3110 1042 3173; x_wconf 86' lang='lat' dir='ltr'>Gabinium</span> <span class='ocrx_word' id='word_1_258' title='bbox 1065 3128 1104 3169; x_wconf 87' lang='lat' dir='ltr'>ar-</span> <span class='ocrx_word' id='word_1_259' title='bbox 1121 3109 1122 3162; x_wconf 69' lang='grc' dir='ltr'><strong><em>ἶ</em></strong></span> 
     </span>
     <span class='ocr_line' id='line_1_31' title="bbox 181 3204 1123 3290; baseline 0 -26"><span class='ocrx_word' id='word_1_260' title='bbox 181 3206 280 3277; x_wconf 84' lang='lat' dir='ltr'>cessit,</span> <span class='ocrx_word' id='word_1_261' title='bbox 293 3206 371 3281; x_wconf 72' lang='lat' dir='ltr'>¹‘quo</span> <span class='ocrx_word' id='word_1_262' title='bbox 383 3204 477 3279; x_wconf 86' lang='lat' dir='ltr'>major</span> <span class='ocrx_word' id='word_1_263' title='bbox 490 3204 648 3261; x_wconf 86' lang='lat' dir='ltr'>auctoritas</span> <span class='ocrx_word' id='word_1_264' title='bbox 662 3206 789 3262; x_wconf 85' lang='lat' dir='ltr'>sermoni</span> <span class='ocrx_word' id='word_1_265' title='bbox 812 3206 944 3264; x_wconf 86' lang='lat' dir='ltr'>inesset:</span> <span class='ocrx_word' id='word_1_266' title='bbox 968 3226 1007 3267; x_wconf 90' lang='lat' dir='ltr'>eo</span> <span class='ocrx_word' id='word_1_267' title='bbox 1026 3222 1105 3285; x_wconf 82' lang='lat' dir='ltr'>prae·</span> <span class='ocrx_word' id='word_1_268' title='bbox 1121 3245 1123 3290; x_wconf 61' lang='lat'>,</span> 
     </span>
     <span class='ocr_line' id='line_1_32' title="bbox 182 3298 1108 3376; baseline -0.006 -17"><span class='ocrx_word' id='word_1_269' title='bbox 182 3309 265 3359; x_wconf 84' lang='lat' dir='ltr'>sente</span> <span class='ocrx_word' id='word_1_270' title='bbox 284 3298 515 3374; x_wconf 86' lang='lat' dir='ltr'>conjurationem</span> <span class='ocrx_word' id='word_1_271' title='bbox 528 3298 622 3373; x_wconf 86' lang='lat' dir='ltr'>aperit</span> <span class='ocrx_word' id='word_1_272' title='bbox 637 3319 645 3367; x_wconf 82' lang='lat'><em>3</em></span> <span class='ocrx_word' id='word_1_273' title='bbox 671 3298 801 3355; x_wconf 87' lang='lat' dir='ltr'>nominat</span> <span class='ocrx_word' id='word_1_274' title='bbox 818 3298 924 3368; x_wconf 87' lang='lat' dir='ltr'>socios,</span> <span class='ocrx_word' id='word_1_275' title='bbox 951 3311 1108 3376; x_wconf 84' lang='lat' dir='ltr'>praeterea</span> 
     </span>
     <span class='ocr_line' id='line_1_33' title="bbox 181 3390 1122 3471; baseline -0.006 -17"><span class='ocrx_word' id='word_1_276' title='bbox 181 3395 288 3455; x_wconf 86' lang='lat' dir='ltr'>multos</span> <span class='ocrx_word' id='word_1_277' title='bbox 300 3394 440 3469; x_wconf 83' lang='lat' dir='ltr'>cujusque</span> <span class='ocrx_word' id='word_1_278' title='bbox 455 3392 573 3470; x_wconf 86' lang='lat' dir='ltr'>generis</span> <span class='ocrx_word' id='word_1_279' title='bbox 596 3390 760 3461; x_wconf 72' lang='lat' dir='ltr'>&#39;‘innoxios,</span> <span class='ocrx_word' id='word_1_280' title='bbox 781 3410 838 3465; x_wconf 90' lang='lat' dir='ltr'>quo</span> <span class='ocrx_word' id='word_1_281' title='bbox 860 3394 971 3471; x_wconf 86' lang='lat' dir='ltr'>legatis</span> <span class='ocrx_word' id='word_1_282' title='bbox 996 3396 1122 3466; x_wconf 46' lang='lat' dir='ltr'>animun¹</span> 
     </span>
     <span class='ocr_line' id='line_1_34' title="bbox 183 3484 1122 3567; baseline -0.01 -19"><span class='ocrx_word' id='word_1_283' title='bbox 183 3489 306 3567; x_wconf 76' lang='lat' dir='ltr'>amplior</span> <span class='ocrx_word' id='word_1_284' title='bbox 320 3496 414 3559; x_wconf 54' lang='lat' dir='ltr'>essen</span> <span class='ocrx_word' id='word_1_285' title='bbox 436 3486 505 3545; x_wconf 90' lang='lat' dir='ltr'>dein</span> <span class='ocrx_word' id='word_1_286' title='bbox 520 3504 572 3543; x_wconf 83' lang='lat' dir='ltr'>eos</span> <span class='ocrx_word' id='word_1_287' title='bbox 585 3484 732 3561; x_wconf 82' lang='lat' dir='ltr'>pollicitos</span> <span class='ocrx_word' id='word_1_288' title='bbox 745 3503 864 3560; x_wconf 84' lang='lat' dir='ltr'>operam</span> <span class='ocrx_word' id='word_1_289' title='bbox 878 3504 963 3545; x_wconf 77' lang='lat' dir='ltr'>suam</span> <span class='ocrx_word' id='word_1_290' title='bbox 979 3486 1108 3547; x_wconf 78' lang='lat' dir='ltr'>dimittit.</span> <span class='ocrx_word' id='word_1_291' title='bbox 1121 3511 1122 3514; x_wconf 35' lang='lat'>¹</span> 
     </span>
    </p>
   </div>
   <div class='ocr_carea' id='block_1_3' title="bbox 0 0 1146 4050">
    <p class='ocr_par' dir='ltr' id='par_1_6' title="bbox 0 0 1146 4050">
     <span class='ocr_line' id='line_1_35' title="bbox 0 0 1146 4050; baseline 0 0"><span class='ocrx_word' id='word_1_292' title='bbox 0 0 1146 4050; x_wconf 95' lang='lat' dir='ltr'> </span> 
     </span>
    </p>
   </div>
  </div>
 </body>
</html>
