2259 4050
323 287 487 364 Statuam
508 285 676 347 comm.
929 289 971 349 8

17 459 18 472 ’
51 443 126 504 nimis
139 443 169 502 in
183 442 317 500 homines
327 442 397 500 tanti
412 442 551 502 facinoris
558 443 733 503 conviatori
752 443 809 515 ein,
818 443 969 520 quialovi.

53 552 95 610 ur3
115 538 174 614 ¹qui
189 537 334 620 convenit¹
350 538 380 595 in
394 538 504 598 minore
519 539 639 618 negotio
658 540 756 617 legem
779 539 895 608 timere,
906 558 974 598 cum
1035 531 1041 541 ’

55 629 108 690 earn
121 633 152 690 in
165 633 278 708 majore
292 633 481 710 neglexerisl
511 633 561 692 Ἀἵ
575 635 654 692 enim
677 635 741 710 quia
767 634 974 711 reprehendet,

54 728 116 803 quod
128 728 159 786 in
174 727 338 804 parricidas
352 728 531 803 reipublicae
545 729 697 787 decremm
710 729 782 788 eritl
800 787 808 813 ,
822 729 975 805 trampus,

53 822 114 892 dies,
127 822 253 891 fortuna,
267 823 351 898 cujus
362 822 459 880 lubido
474 821 799 900 gemibus‘moderatur.
841 823 904 882 Illis
913 843 971 882 me·

53 917 98 974 rito
110 917 225 987 accidit,
240 917 377 992 quidquid
391 919 539 976 evenerit:
572 929 702 978 ceterum
717 939 778 989 vos,
792 920 896 978 Patres
905 937 974 978 con·

53 1012 151 1088 scripti,
162 1013 231 1088 quid
245 1013 287 1070 ⁴in
300 1013 373 1070 alios
387 1014 528 1084 statuatis,
543 1014 741 1072 considerate.
777 1015 886 1072 Omnia
898 1014 976 1072 mala

53 1109 176 1183 exempla
187 1127 224 1164 ex
238 1108 334 1165 ⁵b0nis
347 1118 411 1166 orta
424 1117 514 1179 sunt3
536 1109 599 1178 sed,
613 1109 664 1169 ubi
677 1109 830 1184 imperium
842 1109 879 1166 ad
892 1109 975 1186 igna-

54 1218 101 1270 ros,
122 1213 171 1259 aut
194 1202 290 1259 minus
309 1204 401 1260 bonos
416 1202 557 1278 pervenit,
577 1223 684 1261 novum
697 1204 768 1262 illud
780 1203 975 1280 [exemplum]

52 1294 92 1352 ‘ab
100 1296 193 1373 dignis
202 1307 231 1354 et
239 1297 354 1354 idoneis
364 1298 400 1354 ad
409 1298 544 1374 indignos
553 1308 584 1355 et
593 1319 651 1355 non
660 1299 783 1356 idoneos
791 1298 973 1356 transfertur.

55 1383 281 1462 Lacedaemonii,
292 1377 425 1449 ⁷devictis
439 1393 677 1463 Atheniensibus,
699 1395 819 1471 triginta
830 1394 908 1451 viros
922 1393 974 1451 im·

52 1501 174 1557 posuere,
186 1487 234 1562 qui
249 1488 459 1562 rempublicam
484 1507 586 1546 eorum
609 1497 780 1546 tractarent.
826 1488 867 1544 Hi
882 1489 975 1562 primo

54 1595 169 1655 coepere
184 1601 353 1658 pessumum
366 1600 509 1656 quemque
524 1591 554 1640 et
567 1583 701 1640 omnibus
719 1582 843 1640 invisum
865 1583 974 1641 indern-

52 1683 140 1734 natum
154 1695 281 1735 necare:
304 1664 488 1752 ⁸ea'p0pulus
502 1677 606 1736 laetari
620 1687 651 1735 et
663 1678 768 1736 merito
782 1666 883 1736 dicero
897 1678 973 1737 lieri.

52 1760 121 1840 Post,
134 1773 182 1828 ubi
202 1773 350 1848 paullatim
365 1766 485 1830 licentia
498 1773 600 1844 crevit,
621 1773 707 1850 juxta
729 1776 821 1832 bonos
838 1784 868 1832 et
882 1777 974 1833 malco
1071 1812 1073 1816 ·

50 1862 212 1925 'lubidinose
223 1869 405 1938 interlicere,
420 1879 535 1948 ceteros
546 1879 626 1926 metu
639 1878 761 1927 terrere.
800 1870 845 1928 lta
859 1872 972 1942 civitae,

17 1951 18 1954 ¹
51 1961 180 2020 servitute
195 1983 345 2040 oppressa,
374 1964 479 2022 stultae
502 1964 633 2022 laetitiae
645 1966 745 2042 gravis
759 1985 870 2041 poenas
883 1964 973 2032 dedit.

52 2050 155 2113 Nostra
165 2059 315 2129 momoria,
330 2059 423 2127 victor
437 2060 520 2116 Sulla
534 2078 602 2116 cum
613 2059 845 2135 ¹⁰Damasippum
856 2071 886 2117 et
900 2062 975 2119 ulios

51 2148 216 2224 hujusmodi,
228 2154 275 2228 qui
287 2155 363 2211 malo
378 2154 556 2229 reipublicae
569 2165 733 2223 creverant,
744 2156 975 2233 jugularijussit,

50 2245 106 2316 quis
120 2266 177 2304 non
191 2248 299 2305 factum
314 2249 378 2323 ejus
388 2248 547 2306 laudabat?
567 2250 700 2306 homines
710 2252 861 2319 scelestos,
873 2253 975 2312 factio·

52 2357 102 2410 sos,
124 2344 171 2418 qui
186 2344 376 2401 seditionibus
390 2344 601 2419 rempublicam
615 2346 846 2423 exagitaverant,
872 2348 977 2407 merito

53 2448 163 2495 necatos
178 2440 305 2497 aiebant.
349 2439 408 2497 Sed
423 2459 461 2496 ea
474 2458 522 2496 res
536 2460 662 2517 magnae
676 2442 789 2498 initium
803 2443 895 2500 cladis
911 2445 974 2503 fuit.

54 2528 132 2603 Nam,
146 2535 186 2591 uti
201 2535 321 2609 quisque
331 2534 456 2603 domum,
480 2544 528 2591 aut
543 2535 652 2602 villam,
676 2546 824 2609 postremo
841 2547 890 2595 aut
913 2558 976 2607 vae,

54 2636 95 2682 aut
108 2630 309 2687 vestimentum
323 2631 446 2706 alicujus
460 2628 677 2704 concupiverat,
690 2629 777 2685 dabat
785 2648 915 2703 operam,
934 2632 976 2689 uti

55 2718 80 2775 in
98 2726 322 2801 proscriptorum
349 2745 470 2783 numero
492 2734 581 2781 esset.
624 2723 678 2794 lta,
692 2724 796 2799 quibus
805 2724 977 2806 Damasippi

56 2831 124 2875 nrors
137 2820 264 2878 laetitiae
279 2819 384 2889 fuerat,
400 2831 464 2895 post
474 2821 571 2897 paullo
585 2820 641 2896 ipsi
651 2822 859 2879 trahebantur:
881 2841 976 2899 neque

58 2913 126 2980 prius
140 2916 205 2973 finis
213 2916 369 2992 ='ugulandi
384 2915 446 2985 fuit,
471 2936 557 2991 quam
581 2917 663 2973 Sulla
686 2917 780 2973 omnis
793 2937 862 2975 suos
872 2918 978 2977 divitiis

58 3008 182 3081 explevit.
189 2933 341 3164 ,bique
357 3030 413 3089 ego
427 3012 503 3069 haec
518 3031 576 3068 non
590 3012 620 3067 in
635 3012 677 3068 M.
694 3011 801 3081 Tullio,
822 3032 918 3087 neque
932 3013 978 3071 his

60 3106 187 3178 temporib
226 3150 233 3175 ,
268 3125 369 3163 creor:
392 3107 444 3163 sed
459 3106 488 3163 in
502 3126 610 3183 magna
624 3106 741 3163 civitate
753 3102 843 3165 multa
853 3118 884 3165 et
898 3110 980 3169 vario

60 3191 166 3271 ingenia
176 3214 253 3259 sunt.
281 3202 391 3269 Potest,
402 3201 460 3257 alio
474 3210 615 3275 tempore,
630 3202 688 3259 alio
701 3202 832 3272 consule,
847 3202 895 3260 cui
909 3204 979 3263 item

61 3296 196 3353 exercitus
219 3298 248 3353 in
273 3314 387 3365 manue,
414 3295 519 3364 saltum
536 3296 643 3371 aliquid
658 3316 709 3371 pro
723 3316 793 3355 vero
806 3299 908 3361 credi:
930 3300 979 3357 ubi

61 3378 108 3441 boc
121 3393 263 3467 exemplo,
279 3410 332 3467 per
342 3390 436 3447 senati
450 3390 611 3459 decretum,
632 3393 734 3449 consul
748 3394 878 3467 gladium
889 3394 978 3449 edux-

61 3478 116 3551 erit,
129 3486 192 3560 quis
207 3486 297 3545 finem
308 3493 423 3553 statuet,
446 3494 495 3541 aut
516 3485 581 3564 quis
591 3486 808 3550 moderabiturl
848 3486 979 3563 Majores
