2259 4050
302 354 306 381 τ
330 332 676 398 emendaremur...
875 335 950 425 {¹⁰³

56 497 130 548 noete
143 497 278 562 moratus,
294 491 446 551 simulabat
454 512 524 567 sese
532 492 640 571 negotii
660 488 752 570 gratie
773 506 926 568 properare
940 512 948 561 ι

57 593 173 643 ceterum
182 586 368 662 proditionem
381 589 506 658 timebat,
530 607 615 663 quam
641 588 730 645 vitare
744 604 828 663 posse
849 586 950 643 eeleri-

55 685 106 735 tate
116 680 246 753 putebat:
266 700 334 739 nam
345 676 543 739 telieconsilia
554 682 726 763 ¹perotium,
738 690 770 739 'et
790 700 826 739 ex
850 699 950 756 oppor-

57 769 164 831 tunitate
178 775 252 850 capi.
294 771 488 846 ermelenus,
502 777 550 834 ubi
564 770 720 859 oppidanos
737 776 845 851 praelio
858 775 949 832 inten-

56 875 100 936 tos,
113 868 193 925 simul
206 868 339 945 oppidum
352 880 381 929 et
394 871 542 947 operibus,
559 880 589 929 et
612 873 676 930 loeo
699 870 837 929 munitum
857 870 947 937 videt,

56 962 121 1019 vallo
134 962 268 1043 fossaque
294 965 409 1051 moenia
431 965 627 1023 circumvenit.
669 964 781 1023 Deinde
808 965 879 1039 locis
902 964 949 1021 ’ex

54 1057 128 1132 copie
137 1070 273 1120 maxume
287 1060 438 1117 idoneis
412 1079 511 1117 vineas
525 1079 623 1136 agere,
638 1078 774 1136 aggerem
784 1060 896 1134 jacere,
909 1058 949 1117 ³et
981 1084 985 1097 ·

27 1197 29 1200 .
53 1168 128 1255 super
141 1173 279 1232 aggerem
289 1154 430 1230 impositis
438 1155 561 1211 turribus
571 1171 641 1230 opus
650 1160 678 1211 et
689 1153 868 1211 administros
877 1162 949 1209 tute·

52 1244 81 1301 ri.
120 1247 228 1307 Contra
240 1250 315 1306 haec
329 1249 467 1325 oppidani
476 1248 621 1318 festinare,
638 1266 758 1323 parerer
778 1266 900 1325 prorsus,
913 1247 949 1304 ab

23 1374 26 1383 ·
52 1341 165 1417 utrisque
179 1335 253 1402 nihil
276 1344 415 1419 reliquum
437 1344 510 1401 fieri.
551 1343 682 1418 Denique
703 1342 834 1412 Romani,
862 1342 949 1401 multo

52 1446 110 1493 ente
122 1437 219 1497 labore
249 1439 419 1515 praeliisque
441 1430 561 1515 fatigati,
589 1438 733 1514 postules
755 1437 949 1512 quadraginta,

52 1549 126 1604 quem
136 1554 171 1592 eo
184 1544 303 1593 ventum
317 1544 388 1604 erat,
401 1521 513 1610 ⁴oppido
531 1533 614 1591 modo
627 1532 721 1608 potiti:
741 1531 849 1607 praede
858 1530 950 1587 omnis

52 1628 83 1683 ab
103 1630 233 1708 perfugis
255 1619 407 1705 ⁶corrupta.
448 1626 472 1686 Ii
496 1639 644 1706 postquam
667 1646 777 1708 murum
803 1625 950 1683 “arietibus

52 1720 130 1795 leniri,
143 1732 250 1802 resqu'e
264 1744 332 1781 suas
346 1724 475 1782 adflictos
488 1723 594 1793 vident,
604 1742 606 1747 ’
618 1742 716 1781 ιιιιιιιιιι
741 1732 824 1797 etque
848 1739 949 1799 argen-

51 1826 111 1889 tum,
124 1830 152 1878 et
165 1822 235 1892 alia,
250 1839 323 1896 quae
345 1819 436 1898 prima
449 1818 596 1889 ducuntur,
610 1818 723 1877 domum
743 1818 853 1896 regiam
873 1837 950 1875 com-

52 1923 171 2009 portant:
192 1915 235 1975 ibi
251 1916 315 1972 vino
329 1924 359 1974 et
369 1915 463 1991 epulis
477 1915 596 1986 onerati,¹
607 1915 721 1991 illaque,
736 1922 764 1971 et
778 1908 901 1984 domum,
921 1922 951 1971 et

51 2001 205 2090 semetigni
219 2020 419 2089 eomumpunt3
441 2019 470 2069 et
482 2030 553 2087 ques
562 2010 630 2068 vieti
645 2012 679 2068 ab
693 2009 819 2068 hostibus
843 2004 978 2084 poenas.
1055 2093 1059 2098 ι

53 2115 202 2166 metuerant
216 2107 302 2164 ⁷eas
294 2107 348 2183 ipsi
363 2108 491 2164 volentes
504 2105 676 2182 pependere.

63 2198 231 2262 LXXVII.
245 2203 308 2260 Sne
318 2201 424 2278 pariter
432 2219 497 2260 oum
505 2211 589 2276 capte
602 2199 697 2258 Thala
704 2199 793 2280 legati
803 2219 840 2259 ex
849 2199 952 2277 oppido

52 2291 130 2372 Lepti
153 2300 189 2356 ad
203 2299 357 2358 Metellum
374 2305 521 2366 venerant,
544 2306 669 2365 orantes,
696 2296 767 2353 “uti
780 2296 953 2372 praesidium
979 2333 983 2343 -

20 2454 21 2459 .
50 2386 280 2474 praeseotqmque
290 2412 330 2459 eo.
340 2393 481 2452 mitteret:
502 2392 700 2450 Hamilcarem
720 2392 879 2467 quemdam,
903 2392 952 2449 ho·

20 2521 21 2555 ι
52 2486 150 2547 mittem
163 2489 302 2558 nobilem,
317 2488 476 2556 factiosum,
490 2486 571 2543 novis
592 2488 677 2544 rebus
699 2486 831 2556 studere3
853 2485 952 2542 advor-

50 2598 107 2640 sum
119 2604 206 2660 quem
215 2587 311 2658 'neque
321 2583 442 2681 imperia
451 2581 676 2659 magistratuum,
686 2598 778 2655 neque
787 2580 867 2655 leges
877 2579 953 2636 vele

34 2733 37 2745 ,
52 2668 126 2735 rent:
146 2688 177 2738 ιιι
169 2681 219 2738 id
233 2665 412 2749 festinaret,¹
405 2698 435 2736 ιιι
449 2679 559 2735 summo
572 2673 731 2752 perieulo⁸
731 2691 813 2730 suam
823 2673 953 2744 salutem,

51 2768 155 2833 illorum
170 2776 268 2834 socios
281 2773 373 2834 fore.'’
401 2774 477 2832 Nam
487 2770 650 2847 Leptitani
639 2788 701 2846 Jam
712 2768 778 2826 inde
790 2787 809 2826 a
818 2768 955 2845 principio

51 2865 111 2925 belli
125 2870 292 2948 Jugurthini
307 2871 343 2927 ad
356 2869 484 2928 Bestiam
497 2866 654 2941 oqnsulern,
675 2874 704 2924 et
717 2874 816 2941 postea
835 2863 956 2923 Romam

52 2962 194 3036 miserunt,
214 2965 371 3024 amicitiam
383 2965 604 3038 societatemque
615 2970 755 3039 rogatum
778 2960 900 3030 Deinde,
909 2961 957 3020 ubi

54 3073 85 3112 ea
96 3059 259 3149 impetrata,
274 3056 389 3137 semper
400 3056 468 3117 boni
482 3059 638 3133 fidelesque
657 3075 799 3128 mansere,
814 3065 843 3114 et
855 3066 959 3116 cuneta

53 3151 199 3227 tBestia,
219 3156 333 3226 Albino,
359 3141 533 3230 Metelloque
556 3153 695 3230 imperata
721 3152 797 3212 'navi
818 3152 957 3220 fecerent.
1007 3145 1011 3162 '

53 3241 147 3324 ltaque
162 3253 201 3310 ab
217 3252 387 3328 imperatore
402 3249 498 3320 facile,
512 3268 587 3325 quae
595 3251 738 3326 petebant,
748 3248 852 3326 adepti.
894 3248 960 3308 ιοΕιι

54 3341 158 3407 missae
168 3347 304 3406 cohortes
326 3346 466 3426 Ligurum
485 3356 614 3422 quatuor,
641 3354 671 3403 et
697 3344 732 3403 C.
748 3345 858 3447 Annius
878 3361 962 3421 pree
1021 3385 1022 3388 η

54 3433 162 3512 lectus.
306 3488 329 3511 ,

88 3531 255 3596 LXXVIII.
283 3517 326 3596 ln.
332 3536 465 3614 oppidum
492 3537 529 3593 eb
545 3533 700 3594 ιιδιιιοιιιίι
714 3534 868 3604 eonditum,
889 3549 963 3608 quor
