2259 4050
83 264 89 287 ⁸
147 264 191 325 84
395 285 398 291 ·
427 260 601 342 flumem
620 238 808 325 Jnonnrnit.

190 415 299 479 XLIX·
324 415 479 475 Iamuain
492 436 529 474 co
553 417 640 486 oolla,
666 436 756 492 quem
783 416 973 475 ¹transvorso
994 414 1084 477 itinere

120 511 123 519 ⁴
150 523 316 591 porrectum
329 512 489 581 docuimus,
500 511 656 588 Jugurtha,
670 512 850 593 ²extenuata
875 532 998 570 suorum
1020 514 1084 582 acie,
1117 513 1122 561 l

145 608 282 667 consedit
294 628 301 663 ε
323 606 489 684 elephantis¹
500 615 530 663 ct
540 606 614 681 parti
624 607 777 682 copiarum
789 608 980 683 pedestrium
992 606 1086 664 Bomil-

151 722 251 762 carem
269 700 420 777 praefecit,
435 719 559 775 eumque
575 701 689 771 edocet,
704 720 782 776 quae
794 711 908 779 ageret
924 723 932 772 ;
956 702 1018 777 ipse
1031 720 1085 777 pro-

151 798 215 873 pior
228 804 355 852 montem
370 795 530 852 cumomni
554 778 683 870 equitatu
707 795 839 871 ³pedites
851 797 993 861 ,delectos
1008 796 1086 852 'collo-

96 927 99 931 -
151 900 214 948 cat:
229 889 297 947 dein
306 889 437 965 singulas
447 899 557 946 turmas
569 899 654 963 atque
666 891 836 967 manipulos
845 884 1028 957 circumiens
1038 909 1086 945 mo·
1116 859 1122 962 f

151 993 202 1042 net
216 994 301 1059 atque
315 986 484 1054 obtestatur,
500 985 569 1041 “uti
584 1003 732 1043 memores
756 986 908 1060 pristinae
935 985 1047 1043 virtutis
1065 994 1087 1040 et

79 1097 89 1104 ·
115 1079 291 1141 nvictoriae
306 1098 397 1155 seque
405 1098 592 1157 regnumque
607 1098 691 1136 sunm
704 1081 739 1136 ab
749 1079 963 1138 Romanorum
979 1076 1092 1137 avaritia'
1121 1076 1126 1149 ξ

83 1240 86 1248 f
153 1174 312 1233 defendant
325 1196 333 1231 r
354 1194 422 1231 cum
435 1176 480 1231 his
494 1183 646 1231 certamen
657 1175 728 1243 fore,
740 1193 816 1248 quos
833 1184 929 1233 antea
940 1176 1032 1233 victos
1043 1174 1085 1229 sub
1120 1164 1122 1183 ¹

150 1272 253 1346 jugum
262 1268 411 1325 miserint:
432 1269 537 1325 ducem
548 1268 616 1338 illis,
627 1288 685 1327 non
696 1269 827 1327 animum
840 1279 1009 1327 mutatum:
1024 1284 1086 1343 quae
1120 1262 1126 1317 l

86 1423 93 1433 ,
123 1364 191 1419 ‘ab
212 1362 387 1436 imperatore
414 1361 585 1431 ¹²decuerint,
611 1363 709 1419 omnia
733 1362 794 1418 suis
821 1365 967 1439 provisa:
990 1365 1088 1420 ⁵locum
1121 1346 1126 1409 ¹

154 1456 345 1532 superiorem,
368 1456 409 1513 uti
434 1457 590 1532 prudentes
614 1476 682 1512 curn
703 1456 862 1532 imperitis,
888 1480 929 1517 ne
945 1458 1086 1534 pauciores
1118 1441 1126 1531 ,¹

155 1552 373 1628 cumpluribus,
388 1562 438 1609 aut
448 1552 534 1609 rudes
546 1570 613 1608 cum
624 1552 700 1609 bello
711 1551 886 1611 melioribus
897 1572 1018 1611 manum
1029 1568 1084 1607 con·
1118 1580 1120 1663 q

155 1656 312 1705 sererent:
334 1647 454 1721 proinde
470 1648 562 1721 parati
578 1646 739 1721 intentique
767 1659 882 1718 essent,
909 1650 996 1725 signo
1020 1646 1084 1710 dato,

157 1740 306 1797 Romanos
315 1740 454 1797 invadere
468 1762 476 1795 z
497 1741 579 1796 illum
591 1741 668 1796 diem
684 1750 734 1796 ant
745 1742 843 1800 omnis
858 1744 981 1799 labores
995 1749 1024 1798 et
1036 1739 1085 1795 vic·
1117 1728 1125 1796 l

157 1833 246 1889 toriae
270 1834 515 1903 confirmaturum,
536 1842 586 1889 aut
600 1853 801 1891 maxumarum
818 1854 1033 1895 aerumnarum
1045 1831 1087 1889 ini·
1118 1818 1126 1869 ¹

156 1927 229 1983 tium
242 1924 338 1984 fore.’'
378 1927 426 1984 Ad
449 1928 506 1983 lroc
531 1928 649 1997 viritim,
674 1930 714 1985 lut
734 1948 896 2005 quemque,
922 1933 959 1989 ob
974 1929 1086 1987 militare
1117 1910 1126 2045 ιζ

157 2022 280 2095 facinus,
310 2022 435 2099 pecunia
459 2031 509 2080 aut
531 2024 640 2080 honore
666 2026 818 2099 extulerat,
837 2025 1085 2084 commonefacere
1124 2003 1126 2029 ¹

157 2120 295 2178 beneficii
309 2121 364 2189 sui,
379 2129 409 2176 et
422 2138 490 2175 eum
500 2119 594 2194 ipsum
607 2119 671 2174 aliis
686 2127 851 2179 ostentare:
875 2132 1032 2198 postremo,
1042 2133 1085 2192 pro
1123 2103 1125 2114 Ι

160 2214 299 2289 cujusque
308 2213 436 2289 ingenio,
447 2213 620 2287 pollicendo,
630 2213 799 2283 minitando,
809 2215 997 2285 obtestando,
1007 2213 1085 2271 alium

158 2309 217 2365 alio
230 2307 315 2384 modo
330 2305 460 2364 excitare
476 2327 484 2375 3
506 2317 574 2361 cum
585 2307 700 2362 interim
713 2308 860 2380 Metellae,
873 2313 997 2390 ignarus
1008 2303 1083 2364 hosti·
1122 2285 1125 2298 ¹

160 2421 220 2472 nm,
233 2410 330 2459 monte
339 2399 515 2478 degrediens
529 2419 596 2458 cum
612 2403 742 2460 exercitu
756 2403 958 2480 ''conspicatur
973 2427 980 2462 :
1003 2401 1084 2479 primo

160 2497 272 2568 dubius,
283 2495 421 2573 quidnam
434 2496 550 2553 insolita
560 2496 653 2554 facies
667 2499 841 2569 ostenderet,
852 2501 938 2579 (nam
950 2491 1083 2569 interv'ir·
1123 2483 1125 2506 ¹

160 2593 328 2673 gulatequi
343 2592 547 2668 Numidaeque
561 2593 765 2664 consederant,
782 2614 877 2670 neque
893 2599 982 2673 plane
997 2587 1084 2652 occul·
1124 2663 1125 2668 ἵ

160 2691 212 2754 tati
234 2690 394 2756 humilitate
419 2688 564 2757 arborum,
589 2697 618 2744 et
641 2698 740 2746 tamen
760 2689 885 2762 ⁹incerti,
897 2693 1032 2767 quidnam
1045 2701 1083 2740 es·

110 2854 113 2860 ι
161 2794 226 2854 set3
247 2801 316 2840 cum
328 2793 434 2840 natura
445 2783 512 2852 loci,
526 2792 588 2839 tum
602 2783 677 2853 dolo,
688 2781 743 2859 ipsi
758 2794 843 2860 atque
859 2788 946 2864 signa
956 2777 1084 2843 militaria
1124 2795 1126 2836 ;

162 2876 322 2954 obscurati)
336 2875 415 2946 dein,
429 2876 510 2934 brevi
530 2878 655 2954 cognitis
668 2878 789 2950 insidiis,
815 2881 974 2956 paullisper
988 2886 1084 2953 agmen

150 2971 329 3031 '¹⁰constititr
349 2970 390 3028 ibi
414 2971 624 3030 ¹¹commutatis
647 2973 804 3045 ordinibus,
825 2973 856 3033 i'n
868 2977 988 3034 dextero
1002 2973 1084 3030 latere
1125 3026 1126 3039 χ

162 3067 239 3143 quod
252 3072 423 3143 proxumum
441 3068 532 3126 hostis
545 3078 618 3140 erat,
641 3069 822 3145 ”triplicibus
836 3070 982 3129 ‘subsidiis
996 3063 1081 3124 aciem

49 3228 51 3235 Α
72 3182 78 3188 ·
162 3160 315 3222 mantnt}
336 3162 606 3240 ¹lntermanipulos
626 3163 784 3223 funditores
804 3175 833 3223 et
856 3164 1021 3244 sagittarios
1034 3153 1083 3214 dit·
1125 3230 1126 3239 ἵ

163 3257 267 3336 perlit:
288 3258 449 3332 equitatum
457 3276 576 3317 omnem
589 3259 620 3315 in
628 3259 766 3316 cornibus
774 3260 868 3322 locat:
891 3279 926 3319 ac
938 3273 1031 3335 pauca
1037 3263 1084 3326 1³1⁰

162 3364 295 3436 tempora
302 3344 410 3412 milites
418 3355 558 3423 hortatus,
574 3353 678 3424 aciem,
690 3354 773 3412 sicuti
784 3355 968 3425 instruxerat,
979 3351 1083 3408 ¹⁴trans·

165 3451 259 3512 vorsis
270 3450 429 3532 principiis,
443 3451 474 3508 in
488 3449 606 3526 planum
620 3449 745 3508 deducit.
