<?xml version="1.0" encoding="UTF-8"?>
<!DOCTYPE html PUBLIC "-//W3C//DTD XHTML 1.0 Transitional//EN"
    "http://www.w3.org/TR/xhtml1/DTD/xhtml1-transitional.dtd">
<html xmlns="http://www.w3.org/1999/xhtml" xml:lang="en" lang="en">
 <head>
  <title>
</title>
<meta http-equiv="Content-Type" content="text/html;charset=utf-8" />
  <meta name='ocr-system' content='tesseract 3.04.00' />
  <meta name='ocr-capabilities' content='ocr_page ocr_carea ocr_par ocr_line ocrx_word'/>
</head>
<body>
  <div class='ocr_page' id='page_1' title='image "./ccrispisallusti01anthgoog_0094.png"; bbox 0 0 2259 4050; ppageno 0'>
   <div class='ocr_carea' id='block_1_1' title="bbox 68 298 785 400">
    <p class='ocr_par' dir='ltr' id='par_1_1' title="bbox 68 298 785 400">
     <span class='ocr_line' id='line_1_1' title="bbox 68 298 785 400; baseline -0.004 -26"><span class='ocrx_word' id='word_1_1' title='bbox 68 328 84 347; x_wconf 90' lang='lat'><strong>·</strong></span> <span class='ocrx_word' id='word_1_2' title='bbox 150 315 192 374; x_wconf 76' lang='grc'><strong>68</strong></span> <span class='ocrx_word' id='word_1_3' title='bbox 376 317 382 330; x_wconf 64' lang='grc'><strong>”</strong></span> <span class='ocrx_word' id='word_1_4' title='bbox 422 312 589 372; x_wconf 69' lang='lat' dir='ltr'><strong>&#39;smum</strong></span> <span class='ocrx_word' id='word_1_5' title='bbox 602 298 785 400; x_wconf 75' lang='lat' dir='ltr'><strong>Jpartnrrm.¹</strong></span> 
     </span>
    </p>
   </div>
   <div class='ocr_carea' id='block_1_2' title="bbox 36 450 1117 3544">
    <p class='ocr_par' dir='ltr' id='par_1_2' title="bbox 152 450 1115 913">
     <span class='ocr_line' id='line_1_2' title="bbox 152 450 1067 545; baseline -0.003 -18"><span class='ocrx_word' id='word_1_6' title='bbox 152 468 256 545; x_wconf 81' lang='lat' dir='ltr'><strong>quippe</strong></span> <span class='ocrx_word' id='word_1_7' title='bbox 269 468 328 539; x_wconf 85' lang='lat' dir='ltr'><strong>cui,</strong></span> <span class='ocrx_word' id='word_1_8' title='bbox 341 468 453 526; x_wconf 82' lang='lat' dir='ltr'><strong>Romae</strong></span> <span class='ocrx_word' id='word_1_9' title='bbox 462 450 564 525; x_wconf 82' lang='lat' dir='ltr'><strong>omnia</strong></span> <span class='ocrx_word' id='word_1_10' title='bbox 573 468 688 525; x_wconf 88' lang='lat' dir='ltr'><strong>¹venum</strong></span> <span class='ocrx_word' id='word_1_11' title='bbox 702 467 758 537; x_wconf 90' lang='lat' dir='ltr'><strong>ire,</strong></span> <span class='ocrx_word' id='word_1_12' title='bbox 769 468 801 524; x_wconf 87' lang='lat' dir='ltr'><strong>in</strong></span> <span class='ocrx_word' id='word_1_13' title='bbox 812 463 914 525; x_wconf 85' lang='lat' dir='ltr'><strong>animo</strong></span> <span class='ocrx_word' id='word_1_14' title='bbox 924 466 1067 537; x_wconf 59' lang='lat' dir='ltr'><strong>haeseram</strong></span> 
     </span>
     <span class='ocr_line' id='line_1_3' title="bbox 152 558 1069 637; baseline -0.002 -18"><span class='ocrx_word' id='word_1_15' title='bbox 152 562 251 631; x_wconf 78' lang='lat' dir='ltr'><strong>filium,</strong></span> <span class='ocrx_word' id='word_1_16' title='bbox 261 572 291 619; x_wconf 91' lang='lat' dir='ltr'><strong>et</strong></span> <span class='ocrx_word' id='word_1_17' title='bbox 301 579 368 618; x_wconf 89' lang='lat' dir='ltr'><strong>cum</strong></span> <span class='ocrx_word' id='word_1_18' title='bbox 376 581 412 619; x_wconf 88' lang='lat' dir='ltr'><strong>eo</strong></span> <span class='ocrx_word' id='word_1_19' title='bbox 420 562 477 620; x_wconf 88' lang='lat' dir='ltr'><strong>duo</strong></span> <span class='ocrx_word' id='word_1_20' title='bbox 486 562 646 630; x_wconf 85' lang='lat' dir='ltr'><strong>familiaris,</strong></span> <span class='ocrx_word' id='word_1_21' title='bbox 657 562 693 618; x_wconf 90' lang='lat' dir='ltr'><strong>ad</strong></span> <span class='ocrx_word' id='word_1_22' title='bbox 704 558 842 619; x_wconf 84' lang='lat' dir='ltr'><strong>senatum</strong></span> <span class='ocrx_word' id='word_1_23' title='bbox 852 562 971 637; x_wconf 79' lang='lat' dir='ltr'><strong>legatos</strong></span> <span class='ocrx_word' id='word_1_24' title='bbox 978 560 1069 617; x_wconf 86' lang='lat' dir='ltr'><strong>mittit:</strong></span> 
     </span>
     <span class='ocr_line' id='line_1_4' title="bbox 153 652 1115 730; baseline -0.002 -19"><span class='ocrx_word' id='word_1_25' title='bbox 153 655 264 729; x_wconf 80' lang='lat' dir='ltr'>hisque,</span> <span class='ocrx_word' id='word_1_26' title='bbox 275 665 307 711; x_wconf 94' lang='lat' dir='ltr'><strong>ut</strong></span> <span class='ocrx_word' id='word_1_27' title='bbox 319 655 389 723; x_wconf 80' lang='lat' dir='ltr'><strong>illis,</strong></span> <span class='ocrx_word' id='word_1_28' title='bbox 399 672 472 728; x_wconf 89' lang='lat' dir='ltr'><strong>quos</strong></span> <span class='ocrx_word' id='word_1_29' title='bbox 486 654 656 730; x_wconf 77' lang='lat' dir='ltr'><strong>Hiempsale</strong></span> <span class='ocrx_word' id='word_1_30' title='bbox 679 652 840 712; x_wconf 88' lang='lat' dir='ltr'><strong>interfecto</strong></span> <span class='ocrx_word' id='word_1_31' title='bbox 853 656 984 723; x_wconf 80' lang='lat' dir='ltr'><strong>miserat,</strong></span> <span class='ocrx_word' id='word_1_32' title='bbox 999 672 1070 729; x_wconf 85' lang='lat' dir='ltr'><strong>prae·</strong></span> <span class='ocrx_word' id='word_1_33' title='bbox 1114 666 1115 669; x_wconf 74' lang='grc'>’</span> 
     </span>
     <span class='ocr_line' id='line_1_5' title="bbox 154 746 1070 823; baseline -0.004 -18"><span class='ocrx_word' id='word_1_34' title='bbox 154 748 241 822; x_wconf 89' lang='lat' dir='ltr'><strong>cepit,</strong></span> <span class='ocrx_word' id='word_1_35' title='bbox 261 747 386 804; x_wconf 86' lang='lat' dir='ltr'><strong>“omnis</strong></span> <span class='ocrx_word' id='word_1_36' title='bbox 411 748 541 804; x_wconf 87' lang='lat' dir='ltr'><strong>mortalis</strong></span> <span class='ocrx_word' id='word_1_37' title='bbox 568 748 693 821; x_wconf 89' lang='lat' dir='ltr'><strong>pecunia</strong></span> <span class='ocrx_word' id='word_1_38' title='bbox 716 747 962 823; x_wconf 75' lang='lat' dir='ltr'><strong>adgredientur.”</strong></span> <span class='ocrx_word' id='word_1_39' title='bbox 1013 746 1070 811; x_wconf 72' lang='lat' dir='ltr'><strong>&#39;Qui</strong></span> 
     </span>
     <span class='ocr_line' id='line_1_6' title="bbox 156 839 1071 913; baseline -0.002 -18"><span class='ocrx_word' id='word_1_40' title='bbox 156 849 304 913; x_wconf 87' lang='lat' dir='ltr'><strong>postquam</strong></span> <span class='ocrx_word' id='word_1_41' title='bbox 318 840 441 896; x_wconf 86' lang='lat' dir='ltr'><strong>Romam</strong></span> <span class='ocrx_word' id='word_1_42' title='bbox 451 841 652 909; x_wconf 78' lang='lat' dir='ltr'><strong>adventabant,</strong></span> <span class='ocrx_word' id='word_1_43' title='bbox 668 849 790 897; x_wconf 90' lang='lat' dir='ltr'><strong>senatus</strong></span> <span class='ocrx_word' id='word_1_44' title='bbox 811 860 830 897; x_wconf 89' lang='lat' dir='ltr'><strong>a</strong></span> <span class='ocrx_word' id='word_1_45' title='bbox 853 841 957 898; x_wconf 82' lang='lat' dir='ltr'><strong>Bestia</strong></span> <span class='ocrx_word' id='word_1_46' title='bbox 969 839 1071 897; x_wconf 86' lang='lat' dir='ltr'><strong>consul·</strong></span> 
     </span>
    </p>

    <p class='ocr_par' dir='ltr' id='par_1_3' title="bbox 85 933 1115 1291">
     <span class='ocr_line' id='line_1_7' title="bbox 85 933 1115 1015; baseline -0.001 -28"><span class='ocrx_word' id='word_1_47' title='bbox 85 1009 89 1015; x_wconf 82' lang='lat'>.</span> <span class='ocrx_word' id='word_1_48' title='bbox 156 942 208 1001; x_wconf 85' lang='lat' dir='ltr'><strong>tus,</strong></span> <span class='ocrx_word' id='word_1_49' title='bbox 223 933 422 991; x_wconf 67' lang='lat' dir='ltr'><strong>suaseramus</strong></span> <span class='ocrx_word' id='word_1_50' title='bbox 430 934 762 991; x_wconf 75' lang='lat' dir='ltr'><strong>naearosluauarnan</strong></span> <span class='ocrx_word' id='word_1_51' title='bbox 774 934 1072 992; x_wconf 72' lang='lat' dir='ltr'><strong>³1³ncn’1nron1t113us:</strong></span> <span class='ocrx_word' id='word_1_52' title='bbox 1111 960 1115 995; x_wconf 51' lang='grc' dir='ltr'>τ</span> 
     </span>
     <span class='ocr_line' id='line_1_8' title="bbox 156 1026 1073 1103; baseline -0.001 -22"><span class='ocrx_word' id='word_1_53' title='bbox 156 1026 232 1099; x_wconf 87' lang='lat' dir='ltr'><strong>iique</strong></span> <span class='ocrx_word' id='word_1_54' title='bbox 246 1027 414 1096; x_wconf 86' lang='lat' dir='ltr'><strong>decrevere,</strong></span> <span class='ocrx_word' id='word_1_55' title='bbox 430 1034 449 1062; x_wconf 81' lang='lat'><strong>‘⁴</strong></span> <span class='ocrx_word' id='word_1_56' title='bbox 460 1027 515 1083; x_wconf 90' lang='lat' dir='ltr'><strong>uisi</strong></span> <span class='ocrx_word' id='word_1_57' title='bbox 529 1046 662 1103; x_wconf 88' lang='lat' dir='ltr'><strong>regnum,</strong></span> <span class='ocrx_word' id='word_1_58' title='bbox 673 1027 827 1101; x_wconf 87' lang='lat' dir='ltr'><strong>ipsumque</strong></span> <span class='ocrx_word' id='word_1_59' title='bbox 846 1028 977 1085; x_wconf 91' lang='lat' dir='ltr'><strong>deditum</strong></span> <span class='ocrx_word' id='word_1_60' title='bbox 989 1026 1073 1083; x_wconf 79' lang='lat' dir='ltr'><strong>venis·</strong></span> 
     </span>
     <span class='ocr_line' id='line_1_9' title="bbox 157 1116 1074 1197; baseline -0.002 -20"><span class='ocrx_word' id='word_1_61' title='bbox 157 1131 230 1189; x_wconf 82' lang='lat' dir='ltr'><strong>sent,</strong></span> <span class='ocrx_word' id='word_1_62' title='bbox 243 1121 284 1177; x_wconf 93' lang='lat' dir='ltr'><strong>uti</strong></span> <span class='ocrx_word' id='word_1_63' title='bbox 297 1122 327 1178; x_wconf 89' lang='lat' dir='ltr'><strong>in</strong></span> <span class='ocrx_word' id='word_1_64' title='bbox 341 1122 442 1178; x_wconf 87' lang='lat' dir='ltr'><strong>diebus</strong></span> <span class='ocrx_word' id='word_1_65' title='bbox 453 1121 626 1197; x_wconf 82' lang='lat' dir='ltr'><strong>[proxumis]</strong></span> <span class='ocrx_word' id='word_1_66' title='bbox 643 1121 746 1189; x_wconf 85' lang='lat' dir='ltr'><strong>decern</strong></span> <span class='ocrx_word' id='word_1_67' title='bbox 760 1120 851 1178; x_wconf 88' lang='lat' dir='ltr'><strong>Italia</strong></span> <span class='ocrx_word' id='word_1_68' title='bbox 876 1116 1074 1179; x_wconf 83' lang='lat' dir='ltr'><strong>decederent.’&#39;</strong></span> 
     </span>
     <span class='ocr_line' id='line_1_10' title="bbox 157 1198 1074 1291; baseline -0.003 -20"><span class='ocrx_word' id='word_1_69' title='bbox 157 1200 279 1271; x_wconf 80' lang='lat' dir='ltr'><strong>‘Consul</strong></span> <span class='ocrx_word' id='word_1_70' title='bbox 293 1215 427 1291; x_wconf 83' lang='lat' dir='ltr'><strong>Numidis</strong></span> <span class='ocrx_word' id='word_1_71' title='bbox 440 1234 478 1271; x_wconf 85' lang='lat' dir='ltr'><strong>ex</strong></span> <span class='ocrx_word' id='word_1_72' title='bbox 492 1215 585 1270; x_wconf 87' lang='lat' dir='ltr'><strong>senati</strong></span> <span class='ocrx_word' id='word_1_73' title='bbox 599 1214 717 1271; x_wconf 89' lang='lat' dir='ltr'><strong>decreto</strong></span> <span class='ocrx_word' id='word_1_74' title='bbox 726 1215 863 1272; x_wconf 85' lang='lat' dir='ltr'><strong>nuncian&#39;</strong></span> <span class='ocrx_word' id='word_1_75' title='bbox 875 1198 960 1290; x_wconf 83' lang='lat' dir='ltr'><strong>jubet</strong></span> <span class='ocrx_word' id='word_1_76' title='bbox 974 1236 980 1271; x_wconf 91' lang='lat'><strong>:</strong></span> <span class='ocrx_word' id='word_1_77' title='bbox 996 1214 1074 1270; x_wconf 84' lang='lat' dir='ltr'><strong>ita&#39;in·</strong></span> 
     </span>
    </p>

    <p class='ocr_par' dir='ltr' id='par_1_4' title="bbox 97 1307 1115 2042">
     <span class='ocr_line' id='line_1_11' title="bbox 97 1307 1075 1384; baseline -0.003 -20"><span class='ocrx_word' id='word_1_78' title='bbox 97 1357 101 1364; x_wconf 85' lang='grc'><em>,</em></span> <span class='ocrx_word' id='word_1_79' title='bbox 158 1308 242 1363; x_wconf 88' lang='lat' dir='ltr'><strong>fectis</strong></span> <span class='ocrx_word' id='word_1_80' title='bbox 255 1308 342 1363; x_wconf 91' lang='lat' dir='ltr'><strong>rebus</strong></span> <span class='ocrx_word' id='word_1_81' title='bbox 364 1308 406 1363; x_wconf 89' lang='lat' dir='ltr'><strong>illi</strong></span> <span class='ocrx_word' id='word_1_82' title='bbox 427 1309 541 1363; x_wconf 91' lang='lat' dir='ltr'><strong>domum</strong></span> <span class='ocrx_word' id='word_1_83' title='bbox 561 1307 738 1364; x_wconf 56' lang='lat' dir='ltr'><strong>disceduntu</strong></span> <span class='ocrx_word' id='word_1_84' title='bbox 763 1308 889 1366; x_wconf 76' lang='lat' dir='ltr'><strong>Interim</strong></span> <span class='ocrx_word' id='word_1_85' title='bbox 903 1308 1075 1384; x_wconf 84' lang='lat' dir='ltr'><strong>Calpurnius,</strong></span> 
     </span>
     <span class='ocr_line' id='line_1_12' title="bbox 159 1400 1076 1477; baseline 0 -21"><span class='ocrx_word' id='word_1_86' title='bbox 159 1411 259 1476; x_wconf 87' lang='lat' dir='ltr'><strong>parato</strong></span> <span class='ocrx_word' id='word_1_87' title='bbox 273 1401 410 1470; x_wconf 89' lang='lat' dir='ltr'><strong>exercitu,</strong></span> <span class='ocrx_word' id='word_1_88' title='bbox 421 1401 509 1477; x_wconf 82' lang='lat' dir='ltr'><strong>⁵legat</strong></span> <span class='ocrx_word' id='word_1_89' title='bbox 521 1400 575 1456; x_wconf 83' lang='lat' dir='ltr'><strong>sibi</strong></span> <span class='ocrx_word' id='word_1_90' title='bbox 586 1401 717 1457; x_wconf 91' lang='lat' dir='ltr'><strong>homines</strong></span> <span class='ocrx_word' id='word_1_91' title='bbox 731 1402 849 1473; x_wconf 91' lang='lat' dir='ltr'><strong>nobilis,</strong></span> <span class='ocrx_word' id='word_1_92' title='bbox 859 1404 1008 1471; x_wconf 82' lang='lat' dir='ltr'><strong>factiosos,</strong></span> <span class='ocrx_word' id='word_1_93' title='bbox 1019 1420 1076 1475; x_wconf 90' lang='lat' dir='ltr'><strong>quo·</strong></span> 
     </span>
     <span class='ocr_line' id='line_1_13' title="bbox 151 1494 1076 1573; baseline -0.001 -22"><span class='ocrx_word' id='word_1_94' title='bbox 151 1496 223 1552; x_wconf 89' lang='lat' dir='ltr'><strong>&#39;rum</strong></span> <span class='ocrx_word' id='word_1_95' title='bbox 237 1496 416 1565; x_wconf 84' lang='lat' dir='ltr'><strong>auctoritate,</strong></span> <span class='ocrx_word' id='word_1_96' title='bbox 430 1514 505 1570; x_wconf 89' lang='lat' dir='ltr'><strong>quae</strong></span> <span class='ocrx_word' id='word_1_97' title='bbox 519 1494 695 1573; x_wconf 85' lang='lat' dir='ltr'><strong>deliquisset,</strong></span> <span class='ocrx_word' id='word_1_98' title='bbox 709 1495 833 1555; x_wconf 74' lang='lat' dir='ltr'><strong>“munita</strong></span> <span class='ocrx_word' id='word_1_99' title='bbox 853 1498 918 1556; x_wconf 86' lang='lat' dir='ltr'><strong>sore</strong></span> <span class='ocrx_word' id='word_1_100' title='bbox 933 1498 1076 1573; x_wconf 82' lang='lat' dir='ltr'><strong>sperabat:</strong></span> 
     </span>
     <span class='ocr_line' id='line_1_14' title="bbox 161 1588 1076 1667; baseline -0.002 -22"><span class='ocrx_word' id='word_1_101' title='bbox 161 1591 191 1645; x_wconf 90' lang='lat' dir='ltr'><strong>in</strong></span> <span class='ocrx_word' id='word_1_102' title='bbox 205 1590 268 1663; x_wconf 90' lang='lat' dir='ltr'><strong>quis</strong></span> <span class='ocrx_word' id='word_1_103' title='bbox 279 1590 332 1647; x_wconf 87' lang='lat' dir='ltr'><strong>suit</strong></span> <span class='ocrx_word' id='word_1_104' title='bbox 345 1591 482 1659; x_wconf 78' lang='lat' dir='ltr'><strong>Scaurus,</strong></span> <span class='ocrx_word' id='word_1_105' title='bbox 494 1591 577 1665; x_wconf 84' lang='lat' dir='ltr'><strong>cujus</strong></span> <span class='ocrx_word' id='word_1_106' title='bbox 591 1588 626 1645; x_wconf 90' lang='lat' dir='ltr'><strong>de</strong></span> <span class='ocrx_word' id='word_1_107' title='bbox 647 1598 751 1646; x_wconf 86' lang='lat' dir='ltr'><strong>natura</strong></span> <span class='ocrx_word' id='word_1_108' title='bbox 765 1599 795 1647; x_wconf 90' lang='lat' dir='ltr'><strong>et</strong></span> <span class='ocrx_word' id='word_1_109' title='bbox 809 1592 913 1649; x_wconf 87' lang='lat' dir='ltr'><strong>habitu</strong></span> <span class='ocrx_word' id='word_1_110' title='bbox 928 1610 1015 1667; x_wconf 87' lang='lat' dir='ltr'><strong>supra</strong></span> <span class='ocrx_word' id='word_1_111' title='bbox 1027 1606 1076 1645; x_wconf 86' lang='lat' dir='ltr'><strong>me·</strong></span> 
     </span>
     <span class='ocr_line' id='line_1_15' title="bbox 162 1672 1115 1757; baseline -0.003 -18"><span class='ocrx_word' id='word_1_112' title='bbox 162 1684 345 1740; x_wconf 78' lang='lat' dir='ltr'><strong>moravimus.</strong></span> <span class='ocrx_word' id='word_1_113' title='bbox 386 1684 463 1740; x_wconf 89' lang='lat' dir='ltr'><strong>Nam</strong></span> <span class='ocrx_word' id='word_1_114' title='bbox 476 1684 516 1739; x_wconf 82' lang='lat' dir='ltr'><strong>in</strong></span> <span class='ocrx_word' id='word_1_115' title='bbox 539 1672 779 1741; x_wconf 49' lang='lat' dir='ltr'><strong>consule&#39;nostro</strong></span> <span class='ocrx_word' id='word_1_116' title='bbox 802 1687 913 1743; x_wconf 84' lang='lat' dir='ltr'><strong>&#39;multae</strong></span> <span class='ocrx_word' id='word_1_117' title='bbox 937 1688 1076 1755; x_wconf 81' lang='lat' dir='ltr'><strong>bonaeque</strong></span> <span class='ocrx_word' id='word_1_118' title='bbox 1114 1742 1115 1757; x_wconf 19' lang='lat' dir='ltr'>i</span> 
     </span>
     <span class='ocr_line' id='line_1_16' title="bbox 163 1768 1115 1853; baseline 0.004 -20"><span class='ocrx_word' id='word_1_119' title='bbox 163 1768 241 1833; x_wconf 85' lang='lat' dir='ltr'><strong>artes</strong></span> <span class='ocrx_word' id='word_1_120' title='bbox 255 1776 342 1831; x_wconf 88' lang='lat' dir='ltr'><strong>animi</strong></span> <span class='ocrx_word' id='word_1_121' title='bbox 353 1783 382 1831; x_wconf 91' lang='lat' dir='ltr'><strong>et</strong></span> <span class='ocrx_word' id='word_1_122' title='bbox 395 1776 523 1850; x_wconf 85' lang='lat' dir='ltr'><strong>corporis</strong></span> <span class='ocrx_word' id='word_1_123' title='bbox 537 1786 628 1845; x_wconf 89' lang='lat' dir='ltr'><strong>erant,</strong></span> <span class='ocrx_word' id='word_1_124' title='bbox 638 1794 709 1849; x_wconf 84' lang='lat' dir='ltr'><strong>quas</strong></span> <span class='ocrx_word' id='word_1_125' title='bbox 724 1778 817 1835; x_wconf 90' lang='lat' dir='ltr'><strong>omnis</strong></span> <span class='ocrx_word' id='word_1_126' title='bbox 833 1780 959 1837; x_wconf 82' lang='lat' dir='ltr'><strong>avaritia</strong></span> <span class='ocrx_word' id='word_1_127' title='bbox 969 1792 1076 1853; x_wconf 79' lang='lat' dir='ltr'><strong>praepe·</strong></span> <span class='ocrx_word' id='word_1_128' title='bbox 1114 1792 1115 1795; x_wconf 75' lang='grc'>’</span> 
     </span>
     <span class='ocr_line' id='line_1_17' title="bbox 163 1855 1077 1949; baseline -0.004 -24"><span class='ocrx_word' id='word_1_129' title='bbox 163 1870 279 1925; x_wconf 83' lang='lat' dir='ltr'><strong>diebat:</strong></span> <span class='ocrx_word' id='word_1_130' title='bbox 299 1869 412 1944; x_wconf 89' lang='lat' dir='ltr'><strong>patiens</strong></span> <span class='ocrx_word' id='word_1_131' title='bbox 436 1870 576 1938; x_wconf 85' lang='lat' dir='ltr'><strong>laborum,</strong></span> <span class='ocrx_word' id='word_1_132' title='bbox 598 1870 667 1925; x_wconf 87' lang='lat' dir='ltr'><strong>acri</strong></span> <span class='ocrx_word' id='word_1_133' title='bbox 681 1855 903 1946; x_wconf 19' lang='lat' dir='ltr'><strong>ingenim-satis</strong></span> <span class='ocrx_word' id='word_1_134' title='bbox 926 1872 1077 1949; x_wconf 84' lang='lat' dir='ltr'><strong>providens,</strong></span> 
     </span>
     <span class='ocr_line' id='line_1_18' title="bbox 165 1953 1077 2042; baseline -0.008 -22"><span class='ocrx_word' id='word_1_135' title='bbox 165 1963 232 2020; x_wconf 85' lang='lat' dir='ltr'><strong>belli</strong></span> <span class='ocrx_word' id='word_1_136' title='bbox 242 1964 319 2020; x_wconf 92' lang='lat' dir='ltr'><strong>haud</strong></span> <span class='ocrx_word' id='word_1_137' title='bbox 328 1963 456 2042; x_wconf 84' lang='lat' dir='ltr'><strong>ignarus,</strong></span> <span class='ocrx_word' id='word_1_138' title='bbox 468 1962 657 2020; x_wconf 89' lang='lat' dir='ltr'><strong>firmissumus</strong></span> <span class='ocrx_word' id='word_1_139' title='bbox 669 1973 770 2021; x_wconf 87' lang='lat' dir='ltr'><strong>contra</strong></span> <span class='ocrx_word' id='word_1_140' title='bbox 779 1968 915 2041; x_wconf 90' lang='lat' dir='ltr'><strong>pericula</strong></span> <span class='ocrx_word' id='word_1_141' title='bbox 924 1953 1077 2024; x_wconf 86' lang='lat' dir='ltr'><strong>etinsidias.</strong></span> 
     </span>
    </p>

    <p class='ocr_par' dir='ltr' id='par_1_5' title="bbox 135 2056 1117 2428">
     <span class='ocr_line' id='line_1_19' title="bbox 135 2056 1079 2136; baseline -0.006 -18"><span class='ocrx_word' id='word_1_142' title='bbox 135 2066 137 2072; x_wconf 87' lang='lat'>&#39;</span> <span class='ocrx_word' id='word_1_143' title='bbox 165 2060 223 2118; x_wconf 88' lang='lat' dir='ltr'><strong>Sed</strong></span> <span class='ocrx_word' id='word_1_144' title='bbox 237 2060 367 2136; x_wconf 77' lang='lat' dir='ltr'><strong>legiones</strong></span> <span class='ocrx_word' id='word_1_145' title='bbox 380 2079 433 2135; x_wconf 91' lang='lat' dir='ltr'><strong>per</strong></span> <span class='ocrx_word' id='word_1_146' title='bbox 442 2059 556 2118; x_wconf 88' lang='lat' dir='ltr'><strong>Italiam</strong></span> <span class='ocrx_word' id='word_1_147' title='bbox 570 2059 735 2136; x_wconf 65' lang='lat' dir='ltr'><strong>&#39;Rhegium</strong></span> <span class='ocrx_word' id='word_1_148' title='bbox 751 2069 837 2135; x_wconf 86' lang='lat' dir='ltr'><strong>atque</strong></span> <span class='ocrx_word' id='word_1_149' title='bbox 848 2056 918 2121; x_wconf 86' lang='lat' dir='ltr'><strong>inde</strong></span> <span class='ocrx_word' id='word_1_150' title='bbox 939 2060 1079 2120; x_wconf 76' lang='lat' dir='ltr'><strong>⁰Siciliam,</strong></span> 
     </span>
     <span class='ocr_line' id='line_1_20' title="bbox 165 2141 1079 2234; baseline -0.003 -25"><span class='ocrx_word' id='word_1_151' title='bbox 165 2173 252 2228; x_wconf 90' lang='lat' dir='ltr'><strong>porro</strong></span> <span class='ocrx_word' id='word_1_152' title='bbox 265 2174 303 2210; x_wconf 84' lang='lat' dir='ltr'><strong>ex</strong></span> <span class='ocrx_word' id='word_1_153' title='bbox 313 2150 415 2210; x_wconf 82' lang='lat' dir='ltr'><strong>Sicilia</strong></span> <span class='ocrx_word' id='word_1_154' title='bbox 424 2155 454 2211; x_wconf 93' lang='lat' dir='ltr'><strong>in</strong></span> <span class='ocrx_word' id='word_1_155' title='bbox 468 2152 609 2223; x_wconf 83' lang='lat' dir='ltr'><strong>Africam,</strong></span> <span class='ocrx_word' id='word_1_156' title='bbox 623 2153 816 2212; x_wconf 76' lang='lat' dir='ltr'><strong>transvectae.</strong></span> <span class='ocrx_word' id='word_1_157' title='bbox 844 2185 847 2191; x_wconf 38' lang='grc' dir='ltr'><em>ν</em></span> <span class='ocrx_word' id='word_1_158' title='bbox 862 2141 1079 2234; x_wconf 53' lang='grc' dir='ltr'><strong>ΙςὴυέΟαΙρυτ·</strong></span> 
     </span>
     <span class='ocr_line' id='line_1_21' title="bbox 164 2247 1117 2332; baseline -0.005 -26"><span class='ocrx_word' id='word_1_159' title='bbox 164 2248 231 2306; x_wconf 86' lang='lat' dir='ltr'><strong>nius</strong></span> <span class='ocrx_word' id='word_1_160' title='bbox 238 2247 327 2315; x_wconf 91' lang='lat' dir='ltr'><strong>initio,</strong></span> <span class='ocrx_word' id='word_1_161' title='bbox 338 2248 447 2321; x_wconf 89' lang='lat' dir='ltr'><strong>paratis</strong></span> <span class='ocrx_word' id='word_1_162' title='bbox 456 2249 673 2316; x_wconf 84' lang='lat' dir='ltr'><strong>commeatibus,</strong></span> <span class='ocrx_word' id='word_1_163' title='bbox 685 2248 971 2309; x_wconf 84' lang='lat' dir='ltr'><strong>acriterNumidiam</strong></span> <span class='ocrx_word' id='word_1_164' title='bbox 980 2249 1080 2324; x_wconf 84' lang='lat' dir='ltr'><strong>ingres·</strong></span> <span class='ocrx_word' id='word_1_165' title='bbox 1116 2281 1117 2332; x_wconf 43' lang='lat' dir='ltr'><strong>p</strong></span> 
     </span>
     <span class='ocr_line' id='line_1_22' title="bbox 167 2339 1117 2428; baseline 0.001 -31"><span class='ocrx_word' id='word_1_166' title='bbox 167 2360 215 2397; x_wconf 88' lang='lat' dir='ltr'><strong>sus</strong></span> <span class='ocrx_word' id='word_1_167' title='bbox 229 2350 282 2408; x_wconf 88' lang='lat' dir='ltr'><strong>est,</strong></span> <span class='ocrx_word' id='word_1_168' title='bbox 297 2341 400 2399; x_wconf 88' lang='lat' dir='ltr'><strong>multos</strong></span> <span class='ocrx_word' id='word_1_169' title='bbox 413 2341 552 2410; x_wconf 86' lang='lat' dir='ltr'><strong>mortalis,</strong></span> <span class='ocrx_word' id='word_1_170' title='bbox 565 2351 596 2398; x_wconf 91' lang='lat' dir='ltr'><strong>et</strong></span> <span class='ocrx_word' id='word_1_171' title='bbox 609 2342 687 2398; x_wconf 89' lang='lat' dir='ltr'><strong>urbis</strong></span> <span class='ocrx_word' id='word_1_172' title='bbox 701 2342 807 2416; x_wconf 88' lang='lat' dir='ltr'><strong>aliquot</strong></span> <span class='ocrx_word' id='word_1_173' title='bbox 821 2345 979 2421; x_wconf 87' lang='lat' dir='ltr'><strong>pugnando</strong></span> <span class='ocrx_word' id='word_1_174' title='bbox 991 2339 1069 2415; x_wconf 80' lang='lat' dir='ltr'><strong>capit·</strong></span> <span class='ocrx_word' id='word_1_175' title='bbox 1116 2343 1117 2428; x_wconf 64' lang='lat' dir='ltr'><strong>l</strong></span> 
     </span>
    </p>

    <p class='ocr_par' dir='ltr' id='par_1_6' title="bbox 206 2429 1117 2516">
     <span class='ocr_line' id='line_1_23' title="bbox 206 2429 1117 2516; baseline 0.007 -24"><span class='ocrx_word' id='word_1_176' title='bbox 206 2434 312 2492; x_wconf 87' lang='lat' dir='ltr'>XXIX.</span> <span class='ocrx_word' id='word_1_177' title='bbox 335 2435 407 2504; x_wconf 80' lang='lat' dir='ltr'><strong>San,</strong></span> <span class='ocrx_word' id='word_1_178' title='bbox 420 2434 469 2491; x_wconf 91' lang='lat' dir='ltr'><strong>ubi</strong></span> <span class='ocrx_word' id='word_1_179' title='bbox 478 2434 624 2512; x_wconf 82' lang='lat' dir='ltr'><strong>Jugurtba</strong></span> <span class='ocrx_word' id='word_1_180' title='bbox 637 2455 689 2512; x_wconf 92' lang='lat' dir='ltr'><strong>per</strong></span> <span class='ocrx_word' id='word_1_181' title='bbox 698 2438 811 2512; x_wconf 87' lang='lat' dir='ltr'><strong>legatos</strong></span> <span class='ocrx_word' id='word_1_182' title='bbox 824 2441 955 2512; x_wconf 89' lang='lat' dir='ltr'><strong>pecunia</strong></span> <span class='ocrx_word' id='word_1_183' title='bbox 967 2445 1079 2497; x_wconf 66' lang='lat' dir='ltr'><strong>tentare,</strong></span> <span class='ocrx_word' id='word_1_184' title='bbox 1108 2429 1117 2516; x_wconf 75' lang='lat' dir='ltr'><strong>i</strong></span> 
     </span>
    </p>

    <p class='ocr_par' dir='ltr' id='par_1_7' title="bbox 144 2519 1117 2814">
     <span class='ocr_line' id='line_1_24' title="bbox 144 2519 1117 2604; baseline -0.002 -20"><span class='ocrx_word' id='word_1_185' title='bbox 144 2585 151 2598; x_wconf 67' lang='grc'><strong>,</strong></span> <span class='ocrx_word' id='word_1_186' title='bbox 167 2529 273 2604; x_wconf 91' lang='lat' dir='ltr'><strong>belliqu</strong></span> <span class='ocrx_word' id='word_1_187' title='bbox 293 2571 301 2598; x_wconf 93' lang='lat'>‚</span> <span class='ocrx_word' id='word_1_188' title='bbox 315 2529 391 2602; x_wconf 87' lang='lat' dir='ltr'><strong>quod</strong></span> <span class='ocrx_word' id='word_1_189' title='bbox 404 2528 632 2598; x_wconf 71' lang='lat' dir='ltr'><strong>administrabat,</strong></span> <span class='ocrx_word' id='word_1_190' title='bbox 646 2530 831 2604; x_wconf 86' lang='lat' dir='ltr'><strong>asperitatem</strong></span> <span class='ocrx_word' id='word_1_191' title='bbox 853 2533 1008 2590; x_wconf 89' lang='lat' dir='ltr'><strong>ostendere</strong></span> <span class='ocrx_word' id='word_1_192' title='bbox 1022 2543 1079 2583; x_wconf 86' lang='lat' dir='ltr'><strong>coe·</strong></span> <span class='ocrx_word' id='word_1_193' title='bbox 1099 2548 1102 2556; x_wconf 66' lang='grc'>’</span> <span class='ocrx_word' id='word_1_194' title='bbox 1116 2519 1117 2540; x_wconf 63' lang='lat'><em>³</em></span> 
     </span>
     <span class='ocr_line' id='line_1_25' title="bbox 168 2622 1080 2706; baseline -0.008 -25"><span class='ocrx_word' id='word_1_195' title='bbox 168 2624 238 2700; x_wconf 63' lang='lat' dir='ltr'><strong>pia}</strong></span> <span class='ocrx_word' id='word_1_196' title='bbox 278 2624 452 2698; x_wconf 81' lang='lat' dir='ltr'><strong>&#39;musaeger</strong></span> <span class='ocrx_word' id='word_1_197' title='bbox 466 2623 589 2680; x_wconf 87' lang='lat' dir='ltr'><strong>avaritia</strong></span> <span class='ocrx_word' id='word_1_198' title='bbox 611 2623 704 2686; x_wconf 81' lang='lat' dir='ltr'><strong>facile,</strong></span> <span class='ocrx_word' id='word_1_199' title='bbox 718 2641 880 2706; x_wconf 83' lang='lat' dir='ltr'><strong>conversus</strong></span> <span class='ocrx_word' id='word_1_200' title='bbox 905 2637 961 2684; x_wconf 89' lang='lat' dir='ltr'><strong>est.</strong></span> <span class='ocrx_word' id='word_1_201' title='bbox 1004 2622 1080 2679; x_wconf 88' lang='lat' dir='ltr'><strong>Cete-</strong></span> 
     </span>
     <span class='ocr_line' id='line_1_26' title="bbox 159 2693 1082 2787; baseline -0.014 -10"><span class='ocrx_word' id='word_1_202' title='bbox 159 2693 230 2787; x_wconf 41' lang='lat' dir='ltr'><strong>,anm</strong></span> <span class='ocrx_word' id='word_1_203' title='bbox 245 2719 340 2774; x_wconf 90' lang='lat' dir='ltr'><strong>socius</strong></span> <span class='ocrx_word' id='word_1_204' title='bbox 353 2726 382 2773; x_wconf 91' lang='lat' dir='ltr'><strong>et</strong></span> <span class='ocrx_word' id='word_1_205' title='bbox 395 2717 562 2772; x_wconf 86' lang='lat' dir='ltr'><strong>administer</strong></span> <span class='ocrx_word' id='word_1_206' title='bbox 576 2716 700 2774; x_wconf 89' lang='lat' dir='ltr'><strong>omnium</strong></span> <span class='ocrx_word' id='word_1_207' title='bbox 724 2717 910 2778; x_wconf 87' lang='lat' dir='ltr'><strong>consiliorum</strong></span> <span class='ocrx_word' id='word_1_208' title='bbox 933 2715 1082 2778; x_wconf 86' lang='lat' dir='ltr'><strong>adsumitur</strong></span> 
     </span>
    </p>

    <p class='ocr_par' dir='ltr' id='par_1_8' title="bbox 107 2801 1117 2887">
     <span class='ocr_line' id='line_1_27' title="bbox 107 2801 1117 2887; baseline -0.009 -19"><span class='ocrx_word' id='word_1_209' title='bbox 107 2801 151 2887; x_wconf 57' lang='lat' dir='ltr'><strong>fs</strong></span> <span class='ocrx_word' id='word_1_210' title='bbox 170 2813 316 2869; x_wconf 87' lang='lat' dir='ltr'><strong>Scaurus:</strong></span> <span class='ocrx_word' id='word_1_211' title='bbox 337 2809 395 2883; x_wconf 89' lang='lat' dir='ltr'><strong>qui,</strong></span> <span class='ocrx_word' id='word_1_212' title='bbox 408 2809 522 2865; x_wconf 87' lang='lat' dir='ltr'><strong>tametsi</strong></span> <span class='ocrx_word' id='word_1_213' title='bbox 535 2829 554 2864; x_wconf 90' lang='lat' dir='ltr'><strong>a</strong></span> <span class='ocrx_word' id='word_1_214' title='bbox 569 2809 718 2885; x_wconf 85' lang='lat' dir='ltr'><strong>principio,</strong></span> <span class='ocrx_word' id='word_1_215' title='bbox 732 2812 877 2887; x_wconf 91' lang='lat' dir='ltr'><strong>plerisque</strong></span> <span class='ocrx_word' id='word_1_216' title='bbox 892 2815 951 2872; x_wconf 85' lang='lat' dir='ltr'><strong>¹⁰ex</strong></span> <span class='ocrx_word' id='word_1_217' title='bbox 964 2809 1080 2871; x_wconf 84' lang='lat' dir='ltr'><strong>factione</strong></span> <span class='ocrx_word' id='word_1_218' title='bbox 1116 2823 1117 2882; x_wconf 22' lang='grc' dir='ltr'>ζ</span> 
     </span>
    </p>

    <p class='ocr_par' dir='ltr' id='par_1_9' title="bbox 36 2898 1117 3452">
     <span class='ocr_line' id='line_1_28' title="bbox 116 2898 1117 2982; baseline 0.001 -21"><span class='ocrx_word' id='word_1_219' title='bbox 116 2898 124 2903; x_wconf 56' lang='grc'><em>”</em></span> <span class='ocrx_word' id='word_1_220' title='bbox 170 2905 233 2980; x_wconf 90' lang='lat' dir='ltr'><strong>ejus</strong></span> <span class='ocrx_word' id='word_1_221' title='bbox 247 2903 397 2977; x_wconf 88' lang='lat' dir='ltr'><strong>corruptis,</strong></span> <span class='ocrx_word' id='word_1_222' title='bbox 412 2919 563 2960; x_wconf 86' lang='lat' dir='ltr'><strong>acerrume</strong></span> <span class='ocrx_word' id='word_1_223' title='bbox 582 2904 940 2982; x_wconf 77' lang='lat' dir='ltr'><strong>regemimpugnaverat3</strong></span> <span class='ocrx_word' id='word_1_224' title='bbox 962 2907 1081 2962; x_wconf 74' lang='lat' dir='ltr'><strong>”tamen</strong></span> <span class='ocrx_word' id='word_1_225' title='bbox 1116 2907 1117 2980; x_wconf 68' lang='grc' dir='ltr'><strong>Ῑ</strong></span> 
     </span>
     <span class='ocr_line' id='line_1_29' title="bbox 171 2996 1083 3076; baseline 0 -20"><span class='ocrx_word' id='word_1_226' title='bbox 171 2997 367 3075; x_wconf 78' lang='lat' dir='ltr'><strong>magnimdine</strong></span> <span class='ocrx_word' id='word_1_227' title='bbox 393 2996 545 3072; x_wconf 88' lang='lat' dir='ltr'><strong>pecuniae,</strong></span> <span class='ocrx_word' id='word_1_228' title='bbox 570 3017 589 3054; x_wconf 85' lang='lat' dir='ltr'><strong>a</strong></span> <span class='ocrx_word' id='word_1_229' title='bbox 614 2999 690 3056; x_wconf 87' lang='lat' dir='ltr'><strong>bono</strong></span> <span class='ocrx_word' id='word_1_230' title='bbox 716 2998 892 3076; x_wconf 84' lang='lat' dir='ltr'><strong>honestoque</strong></span> <span class='ocrx_word' id='word_1_231' title='bbox 920 3003 1083 3076; x_wconf 71' lang='lat' dir='ltr'><strong>ita-pravum</strong></span> 
     </span>
     <span class='ocr_line' id='line_1_30' title="bbox 36 3075 1082 3174; baseline -0.003 -25"><span class='ocrx_word' id='word_1_232' title='bbox 36 3156 46 3174; x_wconf 87' lang='lat'>.</span> <span class='ocrx_word' id='word_1_233' title='bbox 134 3131 140 3136; x_wconf 80' lang='lat'>-</span> <span class='ocrx_word' id='word_1_234' title='bbox 171 3094 332 3149; x_wconf 87' lang='lat' dir='ltr'><strong>abstractus</strong></span> <span class='ocrx_word' id='word_1_235' title='bbox 346 3100 400 3148; x_wconf 81' lang='lat' dir='ltr'><strong>est.</strong></span> <span class='ocrx_word' id='word_1_236' title='bbox 442 3091 502 3148; x_wconf 85' lang='lat' dir='ltr'><strong>Sed</strong></span> <span class='ocrx_word' id='word_1_237' title='bbox 514 3091 658 3169; x_wconf 84' lang='lat' dir='ltr'><strong>Jugurtha</strong></span> <span class='ocrx_word' id='word_1_238' title='bbox 673 3075 802 3167; x_wconf 36' lang='lat' dir='ltr'><strong>&#39;primum</strong></span> <span class='ocrx_word' id='word_1_239' title='bbox 814 3095 1011 3152; x_wconf 84' lang='lat' dir='ltr'><strong>tantummodo</strong></span> <span class='ocrx_word' id='word_1_240' title='bbox 1023 3081 1082 3146; x_wconf 78' lang='lat' dir='ltr'><strong>belli</strong></span> 
     </span>
     <span class='ocr_line' id='line_1_31' title="bbox 171 3185 1083 3262; baseline -0.004 -19"><span class='ocrx_word' id='word_1_241' title='bbox 171 3204 281 3244; x_wconf 86' lang='lat' dir='ltr'><strong>moram</strong></span> <span class='ocrx_word' id='word_1_242' title='bbox 290 3185 458 3254; x_wconf 84' lang='lat' dir='ltr'><strong>redimebat,</strong></span> <span class='ocrx_word' id='word_1_243' title='bbox 466 3187 653 3256; x_wconf 82' lang='lat' dir='ltr'><strong>existumans,</strong></span> <span class='ocrx_word' id='word_1_244' title='bbox 663 3205 728 3246; x_wconf 88' lang='lat' dir='ltr'><strong>sese</strong></span> <span class='ocrx_word' id='word_1_245' title='bbox 738 3187 844 3262; x_wconf 86' lang='lat' dir='ltr'><strong>aliquid</strong></span> <span class='ocrx_word' id='word_1_246' title='bbox 853 3189 968 3246; x_wconf 84' lang='lat' dir='ltr'><strong>interim</strong></span> <span class='ocrx_word' id='word_1_247' title='bbox 979 3185 1083 3244; x_wconf 81' lang='lat' dir='ltr'><strong>Rornae</strong></span> 
     </span>
     <span class='ocr_line' id='line_1_32' title="bbox 172 3271 1084 3358; baseline -0.011 -21"><span class='ocrx_word' id='word_1_248' title='bbox 172 3279 275 3357; x_wconf 89' lang='lat' dir='ltr'><strong>pretio,</strong></span> <span class='ocrx_word' id='word_1_249' title='bbox 289 3288 338 3337; x_wconf 89' lang='lat' dir='ltr'><strong>aut</strong></span> <span class='ocrx_word' id='word_1_250' title='bbox 350 3277 446 3356; x_wconf 80' lang='lat' dir='ltr'><strong>gratia</strong></span> <span class='ocrx_word' id='word_1_251' title='bbox 459 3280 629 3338; x_wconf 84' lang='lat' dir='ltr'><strong>effeetumm</strong></span> <span class='ocrx_word' id='word_1_252' title='bbox 643 3301 651 3336; x_wconf 74' lang='lat' dir='ltr'><strong>r</strong></span> <span class='ocrx_word' id='word_1_253' title='bbox 672 3290 773 3355; x_wconf 84' lang='lat' dir='ltr'><strong>postea</strong></span> <span class='ocrx_word' id='word_1_254' title='bbox 782 3299 852 3340; x_wconf 84' lang='lat' dir='ltr'><strong>vero</strong></span> <span class='ocrx_word' id='word_1_255' title='bbox 865 3301 952 3358; x_wconf 87' lang='lat' dir='ltr'><strong>quam</strong></span> <span class='ocrx_word' id='word_1_256' title='bbox 978 3271 1084 3355; x_wconf 76' lang='lat' dir='ltr'><strong>pattici·</strong></span> 
     </span>
     <span class='ocr_line' id='line_1_33' title="bbox 173 3361 1085 3452; baseline -0.005 -19"><span class='ocrx_word' id='word_1_257' title='bbox 173 3393 240 3452; x_wconf 90' lang='lat' dir='ltr'><strong>pem</strong></span> <span class='ocrx_word' id='word_1_258' title='bbox 252 3375 361 3450; x_wconf 81' lang='lat' dir='ltr'><strong>negotii</strong></span> <span class='ocrx_word' id='word_1_259' title='bbox 375 3375 518 3431; x_wconf 80' lang='lat' dir='ltr'><strong>Scaurum</strong></span> <span class='ocrx_word' id='word_1_260' title='bbox 531 3383 687 3451; x_wconf 81' lang='lat' dir='ltr'><strong>acceperat</strong></span> <span class='ocrx_word' id='word_1_261' title='bbox 701 3395 710 3445; x_wconf 73' lang='grc' dir='ltr'><strong>ς</strong></span> <span class='ocrx_word' id='word_1_262' title='bbox 731 3375 761 3432; x_wconf 90' lang='lat' dir='ltr'><strong>in</strong></span> <span class='ocrx_word' id='word_1_263' title='bbox 770 3383 936 3436; x_wconf 80' lang='lat' dir='ltr'><strong>maxumam</strong></span> <span class='ocrx_word' id='word_1_264' title='bbox 950 3389 1031 3449; x_wconf 86' lang='lat' dir='ltr'><strong>spem</strong></span> <span class='ocrx_word' id='word_1_265' title='bbox 1041 3361 1085 3424; x_wconf 74' lang='lat' dir='ltr'><strong>ud·</strong></span> 
     </span>
    </p>

    <p class='ocr_par' dir='ltr' id='par_1_10' title="bbox 174 3461 1117 3544">
     <span class='ocr_line' id='line_1_34' title="bbox 174 3461 1117 3544; baseline 0 -14"><span class='ocrx_word' id='word_1_266' title='bbox 174 3470 277 3530; x_wconf 85' lang='lat' dir='ltr'><strong>ductus</strong></span> <span class='ocrx_word' id='word_1_267' title='bbox 289 3467 508 3544; x_wconf 87' lang='lat' dir='ltr'><strong>reeuperandae</strong></span> <span class='ocrx_word' id='word_1_268' title='bbox 520 3467 612 3543; x_wconf 83' lang='lat' dir='ltr'><strong>pacis,</strong></span> <span class='ocrx_word' id='word_1_269' title='bbox 625 3469 723 3526; x_wconf 85' lang='lat' dir='ltr'><strong>statuit</strong></span> <span class='ocrx_word' id='word_1_270' title='bbox 746 3487 813 3530; x_wconf 87' lang='lat' dir='ltr'><strong>curn</strong></span> <span class='ocrx_word' id='word_1_271' title='bbox 836 3473 880 3530; x_wconf 87' lang='lat' dir='ltr'><strong>eis</strong></span> <span class='ocrx_word' id='word_1_272' title='bbox 890 3468 948 3526; x_wconf 75' lang='lat' dir='ltr'><strong>nde</strong></span> <span class='ocrx_word' id='word_1_273' title='bbox 962 3461 1098 3525; x_wconf 63' lang='lat' dir='ltr'><strong>omnibu.</strong></span> <span class='ocrx_word' id='word_1_274' title='bbox 1116 3519 1117 3530; x_wconf 67' lang='grc'>,</span> 
     </span>
    </p>
   </div>
   <div class='ocr_carea' id='block_1_3' title="bbox 0 0 1166 4050">
    <p class='ocr_par' dir='ltr' id='par_1_11' title="bbox 0 0 1166 4050">
     <span class='ocr_line' id='line_1_35' title="bbox 0 0 1166 4050; baseline 0 0"><span class='ocrx_word' id='word_1_275' title='bbox 0 0 1166 4050; x_wconf 95' lang='lat' dir='ltr'><strong> </strong></span> 
     </span>
    </p>
   </div>
  </div>
 </body>
</html>
