2259 4050
319 275 482 334 Sanaosmr
503 276 669 334 Currum.
921 279 962 338 35

51 429 112 506 quid
133 429 162 486 iu
190 429 248 486 illis
269 439 437 498 statuamus
460 433 635 488 consultare.
677 431 756 490 Nam
776 432 960 491 ¹ceteratunr

51 525 237 599 ¹persequare,
252 525 299 580 ubi
310 526 390 581 sacta
404 535 486 596 sunt3
508 527 575 594 hoc,
588 525 818 600 nisiprovideris
831 545 869 581 ne
884 525 962 582 acci-

52 619 104 688 dat,
117 619 162 675 ubi
176 619 282 686 evenit,
294 619 410 674 frustra.
420 619 539 693 ³judicia
552 621 707 696 implorea;
730 630 817 694 capta
826 623 909 688 urbe,
918 619 961 676 ni·

53 712 87 768 hil
99 713 128 768 fu
140 713 242 785 reliqui
258 713 352 770 victis.
395 714 463 782 Sed,
478 715 611 788 perdens
624 715 796 771 immortalis
812 718 818 772 !
840 733 891 770 vos
905 731 961 788 ego

54 806 164 880 adpello,
179 807 227 879 qui
243 825 359 880 semper
369 807 478 876 domne,
490 809 583 875 villas,
598 808 692 884 signa,
711 809 835 864 babulae
849 817 961 863 vestras

53 901 138 973 pluris,
152 920 240 974 quam
257 902 466 974 rempublicam
480 903 591 958 fecistis
607 924 614 958 z
636 904 661 958 si
675 903 741 970 ista,
753 904 959 976 cujuscumque

53 995 117 1050 modi
128 995 191 1062 sint,
215 1014 290 1068 quae
319 995 544 1070 ⁵amplexamini,
569 994 705 1063 retinere,
730 995 754 1051 si
768 997 960 1069 voluptatibus

54 1088 142 1144 vestris
152 1089 241 1144 otium
264 1091 403 1162 praebere
416 1091 499 1146 voltis
515 1111 522 1158 3
545 1089 781 1164 expergiscimini
796 1091 959 1162 aliquando,

54 1189 77 1236 et
88 1181 235 1256 ⁶capessite
247 1183 466 1256 rempublicam.
508 1184 586 1240 ῚΝοιι
598 1184 693 1259 agitur
708 1183 743 1238 de
758 1184 958 1260 vectigalibus,

53 1293 101 1332 nou
113 1277 146 1332 de
159 1275 301 1332 socior‘um
317 1277 429 1350 injuriis
446 1298 452 1333 :
475 1279 594 1334 libertas
604 1288 633 1334 et
644 1278 743 1334 anima
753 1280 894 1336 nostruin
908 1280 959 1335 du·

52 1369 91 1426 bio
102 1379 154 1426 est.
178 1371 405 1444 Saepenumero,
419 1373 520 1432 Patres
534 1374 699 1448 conscripti,
716 1374 806 1428 multa
819 1375 908 1429 verba
918 1373 959 1430 ⁸in

50 1464 97 1520 hoc
109 1466 207 1522 ordine
223 1465 280 1520 saci
289 1459 303 1534 ’ς
326 1485 413 1540 saepe
426 1467 461 1522 de
471 1467 584 1522 luxuria
597 1478 683 1540 atque
703 1467 825 1522 avaritia
848 1475 958 1521 nostro-

49 1576 103 1614 rum
116 1560 220 1615 civium
235 1569 354 1632 questus
369 1579 441 1627 sum,
466 1560 627 1632 multosque
642 1559 770 1616 mortalis
794 1577 831 1614 oa
853 1577 960 1614 caussa

47 1652 175 1710 advorsos
200 1655 310 1722 habe03
333 1654 391 1726 ⁹qui
407 1653 476 1708 mihi
491 1662 576 1726 atque
592 1655 688 1710 animo
698 1673 764 1710 meo
777 1654 884 1709 nullius
897 1673 958 1710 um-

46 1745 227 1817 quamdelieti
238 1748 362 1822 gratiam
372 1747 516 1817 fecissem,
528 1749 604 1804 haud
614 1748 701 1804 facile
711 1749 829 1804 alterius
839 1748 957 1805 lubidini

15 1915 16 1918 Ἴ
44 1841 192 1898 malefacta
206 1843 424 1917 condonabamg·
440 1841 507 1910 Sed,
521 1861 556 1898 oa
566 1843 681 1898 tametsi
695 1862 746 1899 vos
757 1843 838 1917 parvi
851 1844 958 1917 pende·

42 1933 120 2004 batis,
144 1928 538 2010 tamen·respublicfi'³firma;
561 1937 730 2010 ¹⁰opulentia
741 1937 960 2012 neglegentiam
1016 1942 1019 1947 '

41 2030 187 2089 tolerabat.
211 2032 297 2089 Nunc
307 2044 448 2089 veronen
462 2033 490 2088 id
501 2033 606 2108 agitur,
615 2032 718 2087 llbonis
728 2050 766 2086 an
777 2032 862 2085 malis
873 2032 957 2087 mori·

41 2122 89 2179 bus
102 2126 251 2195 vivamus3
274 2144 366 2200 neque
381 2136 527 2199 quantum,
543 2135 592 2182 aut
605 2145 691 2199 quam
705 2125 892 2203 magnificum
906 2126 958 2183 im·

40 2218 148 2289 perium
159 2220 255 2295 populi
267 2220 408 2277 Romani:
430 2220 511 2289 ¹²sed,
527 2221 610 2295 cujus
628 2222 703 2277 haec
723 2239 846 2293 curaque
869 2222 956 2290 modi,

40 2322 144 2383 nostra,
156 2330 194 2370 aa
205 2316 355 2371 nobiscum
368 2334 436 2383 una,
447 2315 570 2371 hostium
581 2316 678 2371 sutura
688 2317 755 2371 sint.
798 2315 878 2371 1³Hio
888 2315 956 2372 milri

41 2407 186 2483 quisquam
196 2410 446 2466 mansuetudinem
460 2417 489 2463 et
499 2410 727 2465 misericordiam
739 2410 885 2472 nominat?
894 2411 957 2484 jam

42 2501 147 2571 pridem
158 2505 292 2579 equidem
316 2523 369 2560 nos
396 2502 488 2559 ¹lvere
512 2520 608 2557 rerum
634 2502 956 2572 vocabuloamisimus3

42 2596 104 2665 quia
117 2600 195 2655 bona
207 2598 304 2654 aliena
312 2598 423 2673 largiri,
437 2596 597 2653 liberalitas
612 2616 620 2665 3
642 2596 782 2649 malarum
797 2612 894 2649 rerum
909 2614 957 2651 au-

42 2686 130 2760 dacia,
146 2692 280 2749 fortitudo
294 2700 432 2749 vocatur:
454 2692 512 2747 ¹⁵00
523 2690 689 2764 respublica
709 2689 739 2744 in
750 2697 880 2756 extremo
891 2688 956 2745 sita.
1013 2744 1017 2751 ,

43 2779 99 2840 Sint
109 2806 191 2856 sane,
207 2787 341 2862 quoniam
355 2786 395 2843 ita
406 2804 437 2841 se
452 2804 547 2842 mores
556 2785 674 2853 habent,
689 2784 825 2841 liberales
836 2802 874 2840 eu
884 2786 958 2842 soci-

42 2893 118 2936 orum
131 2882 263 2950 fortunia,
278 2881 334 2937 sint
347 2880 551 2937 misericordes
565 2880 616 2937 ¹⁰in
627 2878 739 2935 furibus
753 2880 878 2937 aerarii:
899 2880 958 2937 ”ue

43 2966 95 3026 illis
102 2978 273 3053 sanguinem
282 2984 409 3031 nostrum
419 2975 587 3051 largiantur,
598 2983 637 3043 et,
646 2974 714 3030 dum
723 2973 825 3049 paucis
833 2975 910 3031 scelc
917 2996 958 3029 rs.

43 3061 76 3119 lis
91 3082 221 3141 parcunt,
233 3072 324 3127 bonos¹
335 3068 428 3125 omnis
439 3070 580 3143 perditum
591 3078 669 3125 eant.
691 3068 794 3125 ¹³Bene
803 3077 833 3125 et
844 3088 958 3146 compc-

45 3154 91 3215 sslte
106 3160 142 3220 C.
156 3165 270 3221 Caesar
283 3164 380 3240 paullo
394 3173 460 3221 ante
472 3164 500 3219 in
515 3165 572 3221 hoc
586 3164 686 3221 ordine
701 3164 738 3219 de
752 3163 813 3221 vita
825 3174 853 3220 et
868 3177 959 3223 morte

44 3247 179 3329 disseruit,
196 3259 280 3329 falsa,
295 3260 394 3329 oredo,
406 3260 593 3328 existumans,
605 3278 680 3333 quae
691 3258 727 3315 de
739 3258 840 3316 inseris
851 3278 959 3317 memo-

42 3360 153 3423 rantur-3
175 3354 311 3411 1⁰diverso
321 3354 424 3411 itinere
435 3354 528 3411 malos
543 3372 561 3409 a
574 3353 657 3411 bonis
670 3352 829 3422 locaretur,
840 3353 957 3420 incultu,

39 3436 556 3523 foedaauueformidolosafflnobero.
579 3447 959 3522 Itaquecensuitrncaum
