2259 4050
344 286 704 346 denominamur.
942 283 985 347 05

96 440 133 503 L.
148 443 222 514 San,
232 444 285 521 ubi
294 443 439 502 Numidas
452 444 574 519 quietos,
588 460 683 518 neque
697 442 772 499 colle
786 440 907 519 degredi
921 442 981 503 ani.

58 537 218 608 madvertit,
245 528 364 609 veritur}
385 558 424 596 ex
437 539 504 595 anni
519 549 649 614 tempore
673 547 702 593 et
716 535 814 611 isbpia
826 554 930 610 aquae,
944 554 981 594 ne

57 632 100 689 siti
113 633 309 690 conficeretur
319 633 474 701 exercitus,
490 632 630 690 Rutilium
644 619 775 708 'legatum
784 648 854 687 cum
863 630 981 706 expedi·

56 724 90 781 tis
102 727 270 786 cohortibus
283 736 313 785 et
329 733 410 804 parte
425 728 552 802 equitum
566 722 716 802 praemisit
742 725 778 781 ad
799 726 917 793 flumen,
940 724 980 781 uti

57 818 147 877 locum
162 822 266 878 castris
281 831 484 897 antecaperet;
508 822 698 889 existumans,
709 820 800 887 hostis
814 820 918 876 crebro
928 813 980 875 im·

57 922 118 988 potu
146 924 179 971 et
205 915 389 972 'transvorsis
410 916 528 990 praeliis
550 916 606 983 iter
617 933 700 972 suum
722 921 927 991 remoraturos,
942 921 980 981 et,

55 1009 188 1082 quoniam
202 1009 292 1065 armis
313 1009 485 1079 diffiderent,
496 1009 705 1066 'lassitudinem
725 1017 755 1064 et
765 1007 980 1064 sitim-militum

54 1110 222 1161 tentaturos.
236 1092 241 1101 ’
266 1103 343 1159 Dein
358 1104 421 1178 ipse
435 1122 487 1177 pro
497 1121 529 1159 re
545 1112 630 1176 atque
642 1092 717 1170 loco,
729 1101 814 1158 sicuti
822 1110 920 1157 monte
931 1101 1000 1156 de«-

54 1197 216 1267 scenderat,
231 1197 381 1272 paullatim
392 1197 571 1271 procedere:
593 1196 719 1253 Marium
742 1194 817 1269 “post
839 1194 981 1269 principia

54 1290 159 1349 babere
173 1312 182 1348 t
203 1284 266 1367 ipse
282 1309 348 1347 cum
358 1291 492 1347 sinistrae
504 1292 570 1347 alae
581 1290 725 1365 equitibus
735 1308 812 1357 esse,
826 1289 875 1363 qui
889 1289 918 1345 in
931 1308 980 1365 ag-

53 1385 125 1442 mine
134 1386 299 1462 ⁴principes
313 1385 384 1442 facti
393 1394 488 1442 erant.
530 1386 570 1443 At
584 1386 603 1442 J
605 1381 737 1462 ugurtha,
755 1384 804 1441 ubi
819 1392 980 1441 extremum

54 1498 153 1555 agmen
171 1480 283 1537 Metelli
297 1480 415 1561 ⁵primos
429 1499 497 1536 suos
508 1477 758 1555 praetergressum
769 1478 855 1546 videt,
867 1476 978 1551 praesi-

53 1572 95 1631 dio
106 1575 204 1650 ‘quasi
219 1575 306 1631 duum
325 1562 446 1631 millium
467 1575 594 1649 peditum
618 1566 748 1629 montem
767 1578 900 1645 occupat,
924 1588 981 1644 qua

53 1661 188 1727 Meteilus
198 1669 392 1725 descenderat
408 1690 419 1739 ς
437 1667 475 1725 ne
484 1668 560 1725 forte
572 1666 745 1745 cedentibus
753 1665 926 1723 advorsariis
935 1684 979 1723 re·

52 1765 153 1838 captui,
168 1781 208 1819 ac
221 1772 286 1838 post
300 1763 478 1819 munimento
492 1756 568 1819 foret
579 1783 591 1817 ε·
604 1752 688 1827 dein,
699 1770 818 1837 repente
833 1760 916 1837 signo
930 1760 979 1817 da·

52 1865 85 1925 to,
95 1858 188 1915 hostis
197 1858 329 1916 invadit‘
346 1857 492 1934 Numidae
504 1857 555 1913 alii
569 1857 741 1931 ⁷postremos
751 1850 896 1925 caedere3
912 1874 980 1931 pars

49 1948 195 2009 asinistra
205 1970 241 2008 ao
250 1951 370 2009 dextera
377 1948 506 2009 tentare:
521 1951 628 2008 infensi
641 1952 744 2007 adesse
756 1959 841 2024 atque
853 1950 977 2007 instare:

48 2049 182 2107 omnibus
194 2047 268 2105 locis
282 2047 478 2127 Romanorum
496 2047 615 2104 ordines
640 2047 829 2113 conturbare3
853 2063 988 2116 quorum,

48 2141 129 2200 etiam
150 2141 199 2216 qui
211 2141 384 2198 firmioribus
398 2141 504 2198 animis
521 2140 598 2197 obvii
623 2138 752 2195 hostibus
767 2137 891 2207 fuerant,
906 2137 978 2194 iudi-

49 2235 121 2294 ficati
142 2236 257 2293 incerto
271 2236 392 2311 praelio,
402 2235 468 2311 ⁸ipsi
482 2218 567 2291 modo
578 2234 692 2290 eminus
703 2232 917 2303 sauciabantur,
929 2251 978 2290 ne·

47 2348 97 2403 que
111 2339 222 2396 contra
232 2329 366 2400 feriundi,
392 2332 572 2394 autmannm
597 2327 769 2385 conserendi
796 2328 882 2402 copia
905 2337 976 2384 erat.
1052 2369 1054 2373 -

47 2423 144 2483 lutea
150 2424 215 2500 jam
226 2425 303 2482 docti
317 2427 354 2481 ab
368 2424 514 2501 Jugurtba
534 2424 658 2496 equites,
681 2422 855 2496 ubicumque
872 2422 977 2480 Roma-

49 2537 149 2577 norum
157 2519 245 2576 turba
254 2519 367 2593 insequi
381 2525 530 2593 coeperat,
553 2535 611 2572 non
639 2515 801 2584 confertim,
826 2533 920 2588 neque
948 2518 977 2574 in

50 2630 132 2671 rmum
156 2631 225 2670 sese
244 2613 435 2688 recipiebant,
458 2611 509 2668 sed
525 2611 600 2666 alius
615 2609 673 2666 alio
690 2627 776 2682 quam
788 2627 923 2666 maxume
937 2611 978 2667 di.

51 2709 130 2767 vorsi.
176 2707 222 2766 lta
244 2726 365 2766 numae
379 2707 500 2782 priores,
520 2706 545 2762 si
560 2707 597 2762 ab
608 2702 810 2779 persequendo
823 2703 918 2760 hostis
929 2703 978 2761 de.

49 2808 156 2861 terrere
170 2802 370 2877 nequiverant,
385 2801 523 2877 disjectos
540 2802 578 2857 ab
593 2809 686 2877 tergo,
699 2807 751 2855 aut
761 2798 900 2858 lateribus
923 2799 983 2859 cir·v

50 2897 291 2955 namveniebant:
313 2897 358 2955 sin
372 2896 559 2972 opportunior
573 2894 661 2971 fugae
676 2893 770 2963 collis,
785 2912 871 2969 quam
883 2897 978 2971 campi

49 2986 174 3062 fuerant,
187 2991 236 3050 ⁰ea
249 3011 321 3050 vero
335 2991 467 3049 consueti
478 2990 675 3048 Numidarum
698 2989 765 3063 equi
788 2981 877 3046 facile
905 2990 980 3048 inter

49 3083 308 3163 virgulaevadera
325 3108 333 3157 ;
354 3085 631 3161 nostros‘asperitas
644 3094 674 3141 et
689 3083 843 3142 insolentia
856 3085 913 3142 loci
934 3101 979 3143 re·

49 3176 191 3238 tinebant.
809 3177 813 3182 ⁴

84 3271 139 3350 Li.
153 3274 309 3339 cmm
319 3275 412 3334 facies
420 3273 508 3332 totius
518 3275 628 3352 negotii
638 3273 730 3344 varia,
740 3274 861 3346 incerta,
873 3273 980 3338 'boeda

48 3375 137 3444 atque
151 3370 345 3446 miserabilior
366 3361 489 3446 dispersi
504 3371 592 3427 asuis
606 3386 674 3446 pars
688 3371 806 3440 cedere,
830 3371 877 3454 alii
903 3371 978 3430 inse·
1008 3362 1010 3368 ’

47 3463 122 3536 quia
146 3481 240 3540 neque
251 3464 347 3543 signa,
371 3481 465 3539 neque
485 3464 604 3522 ordines
619 3467 774 3524 observare
790 3485 798 3523 r
819 3464 867 3521 ubi
881 3471 978 3538 quem·
