<?xml version="1.0" encoding="UTF-8"?>
<!DOCTYPE html PUBLIC "-//W3C//DTD XHTML 1.0 Transitional//EN"
    "http://www.w3.org/TR/xhtml1/DTD/xhtml1-transitional.dtd">
<html xmlns="http://www.w3.org/1999/xhtml" xml:lang="en" lang="en">
 <head>
  <title>
</title>
<meta http-equiv="Content-Type" content="text/html;charset=utf-8" />
  <meta name='ocr-system' content='tesseract 3.04.00' />
  <meta name='ocr-capabilities' content='ocr_page ocr_carea ocr_par ocr_line ocrx_word'/>
</head>
<body>
  <div class='ocr_page' id='page_1' title='image "./ccrispisallusti01anthgoog_0085.png"; bbox 0 0 2259 4050; ppageno 0'>
   <div class='ocr_carea' id='block_1_1' title="bbox 319 277 957 361">
    <p class='ocr_par' dir='ltr' id='par_1_1' title="bbox 319 277 957 361">
     <span class='ocr_line' id='line_1_1' title="bbox 319 277 957 361; baseline 0.009 -13"><span class='ocrx_word' id='word_1_1' title='bbox 319 277 680 361; x_wconf 67' lang='lat' dir='ltr'><strong>-snrusmsbeumn</strong></span> <span class='ocrx_word' id='word_1_2' title='bbox 919 293 957 354; x_wconf 73' lang='grc'><strong>59</strong></span> 
     </span>
    </p>
   </div>
   <div class='ocr_carea' id='block_1_2' title="bbox 6 439 1038 3438">
    <p class='ocr_par' dir='ltr' id='par_1_2' title="bbox 6 439 1038 3438">
     <span class='ocr_line' id='line_1_2' title="bbox 6 439 957 522; baseline 0.007 -22"><span class='ocrx_word' id='word_1_3' title='bbox 6 439 8 466; x_wconf 74' lang='lat'>²</span> <span class='ocrx_word' id='word_1_4' title='bbox 48 447 88 513; x_wconf 84' lang='lat' dir='ltr'><strong>nd,</strong></span> <span class='ocrx_word' id='word_1_5' title='bbox 109 453 205 507; x_wconf 84' lang='lat' dir='ltr'><strong>rerum</strong></span> <span class='ocrx_word' id='word_1_6' title='bbox 228 443 420 504; x_wconf 88' lang='lat' dir='ltr'><strong>humanarum</strong></span> <span class='ocrx_word' id='word_1_7' title='bbox 447 448 647 522; x_wconf 82' lang='lat' dir='ltr'><strong>spectaculum</strong></span> <span class='ocrx_word' id='word_1_8' title='bbox 667 448 806 522; x_wconf 82' lang='lat' dir='ltr'><strong>praebeo,</strong></span> <span class='ocrx_word' id='word_1_9' title='bbox 830 447 957 508; x_wconf 88' lang='lat' dir='ltr'><strong>incertus</strong></span> 
     </span>
     <span class='ocr_line' id='line_1_3' title="bbox 48 537 957 618; baseline 0.004 -24"><span class='ocrx_word' id='word_1_10' title='bbox 48 537 106 610; x_wconf 86' lang='lat' dir='ltr'><strong>quid</strong></span> <span class='ocrx_word' id='word_1_11' title='bbox 119 547 203 614; x_wconf 80' lang='lat' dir='ltr'><strong>agam</strong></span> <span class='ocrx_word' id='word_1_12' title='bbox 217 558 225 608; x_wconf 82' lang='lat'>3</span> <span class='ocrx_word' id='word_1_13' title='bbox 247 547 348 595; x_wconf 88' lang='lat' dir='ltr'><strong>tuasne</strong></span> <span class='ocrx_word' id='word_1_14' title='bbox 362 539 481 614; x_wconf 88' lang='lat' dir='ltr'><strong>injurias</strong></span> <span class='ocrx_word' id='word_1_15' title='bbox 495 559 663 615; x_wconf 87' lang='lat' dir='ltr'><strong>persequar,</strong></span> <span class='ocrx_word' id='word_1_16' title='bbox 671 541 733 616; x_wconf 92' lang='lat' dir='ltr'><strong>ipse</strong></span> <span class='ocrx_word' id='word_1_17' title='bbox 744 540 843 598; x_wconf 81' lang='lat' dir='ltr'><strong>auxilii</strong></span> <span class='ocrx_word' id='word_1_18' title='bbox 857 559 957 618; x_wconf 84' lang='lat' dir='ltr'><strong>egens,</strong></span> 
     </span>
     <span class='ocr_line' id='line_1_4' title="bbox 48 628 958 708; baseline 0.005 -22"><span class='ocrx_word' id='word_1_19' title='bbox 48 628 88 686; x_wconf 74' lang='lat' dir='ltr'><strong>&#39;an</strong></span> <span class='ocrx_word' id='word_1_20' title='bbox 107 649 198 708; x_wconf 86' lang='lat' dir='ltr'><strong>regno</strong></span> <span class='ocrx_word' id='word_1_21' title='bbox 219 631 486 708; x_wconf 80' lang='lat' dir='ltr'><strong>consulam,.²e&#39;ujus</strong></span> <span class='ocrx_word' id='word_1_22' title='bbox 510 633 586 690; x_wconf 86' lang='lat' dir='ltr'><strong>vitae</strong></span> <span class='ocrx_word' id='word_1_23' title='bbox 609 634 748 708; x_wconf 83' lang='lat' dir='ltr'><strong>necisque</strong></span> <span class='ocrx_word' id='word_1_24' title='bbox 771 642 898 708; x_wconf 88' lang='lat' dir='ltr'><strong>potestas</strong></span> <span class='ocrx_word' id='word_1_25' title='bbox 921 653 958 692; x_wconf 83' lang='lat' dir='ltr'><strong>ex</strong></span> 
     </span>
     <span class='ocr_line' id='line_1_5' title="bbox 48 723 957 804; baseline 0.007 -26"><span class='ocrx_word' id='word_1_26' title='bbox 48 723 138 797; x_wconf 92' lang='lat' dir='ltr'><strong>opibus</strong></span> <span class='ocrx_word' id='word_1_27' title='bbox 152 725 256 804; x_wconf 82' lang='lat' dir='ltr'><strong>alienis</strong></span> <span class='ocrx_word' id='word_1_28' title='bbox 269 724 385 800; x_wconf 80' lang='lat' dir='ltr'><strong>pendet.</strong></span> <span class='ocrx_word' id='word_1_29' title='bbox 427 726 545 783; x_wconf 86' lang='lat' dir='ltr'><strong>Utinam</strong></span> <span class='ocrx_word' id='word_1_30' title='bbox 558 726 659 783; x_wconf 85' lang='lat' dir='ltr'><strong>³emori</strong></span> <span class='ocrx_word' id='word_1_31' title='bbox 680 727 799 784; x_wconf 86' lang='lat' dir='ltr'><strong>fortunis</strong></span> <span class='ocrx_word' id='word_1_32' title='bbox 820 726 894 784; x_wconf 89' lang='lat' dir='ltr'><strong>meis</strong></span> <span class='ocrx_word' id='word_1_33' title='bbox 907 728 957 784; x_wconf 86' lang='lat' dir='ltr'><strong>ho·</strong></span> 
     </span>
     <span class='ocr_line' id='line_1_6' title="bbox 49 819 972 894; baseline 0.007 -22"><span class='ocrx_word' id='word_1_34' title='bbox 49 826 135 874; x_wconf 78' lang='lat' dir='ltr'><strong>aestus</strong></span> <span class='ocrx_word' id='word_1_35' title='bbox 164 819 257 874; x_wconf 86' lang='lat' dir='ltr'><strong>exitus</strong></span> <span class='ocrx_word' id='word_1_36' title='bbox 289 827 376 888; x_wconf 87' lang='lat' dir='ltr'><strong>esset,</strong></span> <span class='ocrx_word' id='word_1_37' title='bbox 403 819 470 876; x_wconf 81' lang='lat' dir='ltr'><strong>⁴neu</strong></span> <span class='ocrx_word' id='word_1_38' title='bbox 492 820 558 894; x_wconf 73' lang='lat' dir='ltr'><strong>jure</strong></span> <span class='ocrx_word' id='word_1_39' title='bbox 587 829 746 878; x_wconf 78' lang='lat' dir='ltr'><strong>contemtus</strong></span> <span class='ocrx_word' id='word_1_40' title='bbox 772 821 895 891; x_wconf 88' lang='lat' dir='ltr'><strong>viderer,</strong></span> <span class='ocrx_word' id='word_1_41' title='bbox 922 822 972 888; x_wconf 70' lang='lat' dir='ltr'><strong>si„</strong></span> 
     </span>
     <span class='ocr_line' id='line_1_7' title="bbox 48 894 970 989; baseline 0.008 -25"><span class='ocrx_word' id='word_1_42' title='bbox 48 908 169 968; x_wconf 79' lang='lat' dir='ltr'><strong>defessus</strong></span> <span class='ocrx_word' id='word_1_43' title='bbox 195 912 302 980; x_wconf 83' lang='lat' dir='ltr'><strong>malis„</strong></span> <span class='ocrx_word' id='word_1_44' title='bbox 318 913 439 987; x_wconf 88' lang='lat' dir='ltr'><strong>iujuriae</strong></span> <span class='ocrx_word' id='word_1_45' title='bbox 474 913 695 969; x_wconf 83' lang='lat' dir='ltr'><strong>concessissem.</strong></span> <span class='ocrx_word' id='word_1_46' title='bbox 721 894 823 970; x_wconf 35' lang='lat' dir='ltr'><strong>‘Nune</strong></span> <span class='ocrx_word' id='word_1_47' title='bbox 853 915 970 989; x_wconf 85' lang='lat' dir='ltr'><strong>⁵neque.</strong></span> 
     </span>
     <span class='ocr_line' id='line_1_8' title="bbox 48 993 1038 1079; baseline 0.005 -21"><span class='ocrx_word' id='word_1_48' title='bbox 48 1003 133 1062; x_wconf 86' lang='lat' dir='ltr'><strong>vivere</strong></span> <span class='ocrx_word' id='word_1_49' title='bbox 162 1005 250 1074; x_wconf 92' lang='lat' dir='ltr'><strong>lubet,</strong></span> <span class='ocrx_word' id='word_1_50' title='bbox 275 1024 368 1079; x_wconf 79' lang='lat' dir='ltr'><strong>neque</strong></span> <span class='ocrx_word' id='word_1_51' title='bbox 392 1006 464 1062; x_wconf 90' lang='lat' dir='ltr'><strong>mori</strong></span> <span class='ocrx_word' id='word_1_52' title='bbox 488 993 556 1062; x_wconf 88' lang='lat' dir='ltr'><strong>licet</strong></span> <span class='ocrx_word' id='word_1_53' title='bbox 580 994 642 1062; x_wconf 83' lang='lat' dir='ltr'><strong>sine</strong></span> <span class='ocrx_word' id='word_1_54' title='bbox 662 1006 815 1063; x_wconf 87' lang='lat' dir='ltr'><strong>dedecore.</strong></span> <span class='ocrx_word' id='word_1_55' title='bbox 857 1009 958 1066; x_wconf 85' lang='lat' dir='ltr'><strong>Patres</strong></span> <span class='ocrx_word' id='word_1_56' title='bbox 1033 1002 1038 1011; x_wconf 80' lang='grc'>’</span> 
     </span>
     <span class='ocr_line' id='line_1_9' title="bbox 6 1099 957 1180; baseline 0.005 -28"><span class='ocrx_word' id='word_1_57' title='bbox 6 1119 8 1180; x_wconf 60' lang='lat' dir='ltr'><strong>p</strong></span> <span class='ocrx_word' id='word_1_58' title='bbox 48 1099 203 1174; x_wconf 72' lang='lat' dir='ltr'><strong>conscripti,</strong></span> <span class='ocrx_word' id='word_1_59' title='bbox 217 1118 270 1173; x_wconf 90' lang='lat' dir='ltr'><strong>per</strong></span> <span class='ocrx_word' id='word_1_60' title='bbox 279 1113 339 1168; x_wconf 81' lang='lat' dir='ltr'><strong>vos,</strong></span> <span class='ocrx_word' id='word_1_61' title='bbox 350 1118 403 1174; x_wconf 90' lang='lat' dir='ltr'><strong>per</strong></span> <span class='ocrx_word' id='word_1_62' title='bbox 416 1099 532 1156; x_wconf 74' lang='lat' dir='ltr'><strong>liberos</strong></span> <span class='ocrx_word' id='word_1_63' title='bbox 543 1108 628 1172; x_wconf 89' lang='lat' dir='ltr'><strong>atque</strong></span> <span class='ocrx_word' id='word_1_64' title='bbox 639 1109 782 1173; x_wconf 90' lang='lat' dir='ltr'><strong>parentes,</strong></span> <span class='ocrx_word' id='word_1_65' title='bbox 791 1118 843 1174; x_wconf 91' lang='lat' dir='ltr'><strong>per</strong></span> <span class='ocrx_word' id='word_1_66' title='bbox 853 1101 957 1175; x_wconf 89' lang='lat' dir='ltr'><strong>majes-</strong></span> 
     </span>
     <span class='ocr_line' id='line_1_10' title="bbox 6 1185 958 1269; baseline 0.001 -26"><span class='ocrx_word' id='word_1_67' title='bbox 6 1185 8 1258; x_wconf 58' lang='grc' dir='ltr'><strong>ἦ</strong></span> <span class='ocrx_word' id='word_1_68' title='bbox 48 1199 123 1262; x_wconf 85' lang='lat' dir='ltr'><strong>tatem</strong></span> <span class='ocrx_word' id='word_1_69' title='bbox 136 1192 236 1268; x_wconf 91' lang='lat' dir='ltr'><strong>populi</strong></span> <span class='ocrx_word' id='word_1_70' title='bbox 250 1192 287 1248; x_wconf 89' lang='lat' dir='ltr'><strong>R.</strong></span> <span class='ocrx_word' id='word_1_71' title='bbox 304 1193 452 1250; x_wconf 89' lang='lat' dir='ltr'><strong>subvenite</strong></span> <span class='ocrx_word' id='word_1_72' title='bbox 466 1193 572 1249; x_wconf 89' lang='lat' dir='ltr'><strong>misero</strong></span> <span class='ocrx_word' id='word_1_73' title='bbox 585 1193 675 1261; x_wconf 92' lang='lat' dir='ltr'><strong>mihi;</strong></span> <span class='ocrx_word' id='word_1_74' title='bbox 696 1193 735 1249; x_wconf 90' lang='lat' dir='ltr'><strong>ite</strong></span> <span class='ocrx_word' id='word_1_75' title='bbox 749 1193 863 1250; x_wconf 86' lang='lat' dir='ltr'><strong>obviam</strong></span> <span class='ocrx_word' id='word_1_76' title='bbox 886 1194 958 1269; x_wconf 88' lang='lat' dir='ltr'><strong>inju.</strong></span> 
     </span>
     <span class='ocr_line' id='line_1_11' title="bbox 47 1284 956 1366; baseline 0.003 -24.871"><span class='ocrx_word' id='word_1_77' title='bbox 47 1284 118 1357; x_wconf 80' lang='lat' dir='ltr'><strong>riae&#39;;</strong></span> <span class='ocrx_word' id='word_1_78' title='bbox 140 1286 231 1342; x_wconf 90' lang='lat' dir='ltr'><strong>nolite</strong></span> <span class='ocrx_word' id='word_1_79' title='bbox 253 1286 313 1360; x_wconf 85' lang='lat' dir='ltr'><strong>pati</strong></span> <span class='ocrx_word' id='word_1_80' title='bbox 335 1303 456 1361; x_wconf 88' lang='lat' dir='ltr'><strong>regnum</strong></span> <span class='ocrx_word' id='word_1_81' title='bbox 464 1361 470 1366; x_wconf 60' lang='lat'><strong>,.</strong></span> <span class='ocrx_word' id='word_1_82' title='bbox 479 1286 644 1355; x_wconf 89' lang='lat' dir='ltr'><strong>Numidiae,</strong></span> <span class='ocrx_word' id='word_1_83' title='bbox 658 1287 733 1362; x_wconf 91' lang='lat' dir='ltr'><strong>quod</strong></span> <span class='ocrx_word' id='word_1_84' title='bbox 754 1297 880 1344; x_wconf 88' lang='lat' dir='ltr'><strong>vestrum</strong></span> <span class='ocrx_word' id='word_1_85' title='bbox 903 1298 956 1355; x_wconf 90' lang='lat' dir='ltr'><strong>est,</strong></span> 
     </span>
     <span class='ocr_line' id='line_1_12' title="bbox 6 1375 935 1456; baseline 0.003 -21"><span class='ocrx_word' id='word_1_86' title='bbox 6 1407 8 1456; x_wconf 41' lang='grc' dir='ltr'>ᾗ</span> <span class='ocrx_word' id='word_1_87' title='bbox 48 1396 90 1451; x_wconf 77' lang='lat' dir='ltr'><strong>per</strong></span> <span class='ocrx_word' id='word_1_88' title='bbox 101 1380 199 1455; x_wconf 87' lang='lat' dir='ltr'><strong>scelus</strong></span> <span class='ocrx_word' id='word_1_89' title='bbox 214 1375 243 1436; x_wconf 86' lang='lat' dir='ltr'><strong>et</strong></span> <span class='ocrx_word' id='word_1_90' title='bbox 256 1379 425 1455; x_wconf 88' lang='lat' dir='ltr'><strong>sanguinem</strong></span> <span class='ocrx_word' id='word_1_91' title='bbox 439 1378 566 1437; x_wconf 78' lang='lat' dir='ltr'><strong>familiae</strong></span> <span class='ocrx_word' id='word_1_92' title='bbox 580 1390 695 1438; x_wconf 89' lang='lat' dir='ltr'><strong>nostrae</strong></span> <span class='ocrx_word' id='word_1_93' title='bbox 709 1381 892 1438; x_wconf 84' lang='lat' dir='ltr'><strong>tabescere.”</strong></span> <span class='ocrx_word' id='word_1_94' title='bbox 930 1404 935 1410; x_wconf 93' lang='lat'>·</span> 
     </span>
     <span class='ocr_line' id='line_1_13' title="bbox 6 1473 958 1554; baseline 0 -24"><span class='ocrx_word' id='word_1_95' title='bbox 6 1503 8 1554; x_wconf 60' lang='lat' dir='ltr'><strong>t</strong></span> <span class='ocrx_word' id='word_1_96' title='bbox 79 1473 141 1531; x_wconf 88' lang='lat' dir='ltr'><strong>XV.</strong></span> <span class='ocrx_word' id='word_1_97' title='bbox 166 1475 333 1534; x_wconf 75' lang='lat' dir='ltr'><strong>Posuousu</strong></span> <span class='ocrx_word' id='word_1_98' title='bbox 347 1493 399 1530; x_wconf 87' lang='lat' dir='ltr'><strong>rex</strong></span> <span class='ocrx_word' id='word_1_99' title='bbox 412 1475 500 1530; x_wconf 89' lang='lat' dir='ltr'><strong>finem</strong></span> <span class='ocrx_word' id='word_1_100' title='bbox 513 1475 648 1548; x_wconf 91' lang='lat' dir='ltr'><strong>loquendi</strong></span> <span class='ocrx_word' id='word_1_101' title='bbox 661 1473 739 1543; x_wconf 85' lang='lat' dir='ltr'><strong>feeit,</strong></span> <span class='ocrx_word' id='word_1_102' title='bbox 753 1476 841 1550; x_wconf 88' lang='lat' dir='ltr'><strong>legati</strong></span> <span class='ocrx_word' id='word_1_103' title='bbox 854 1474 873 1530; x_wconf 89' lang='lat' dir='ltr'>J</span> <span class='ocrx_word' id='word_1_104' title='bbox 875 1493 958 1550; x_wconf 85' lang='lat' dir='ltr'><strong>ugur-</strong></span> 
     </span>
     <span class='ocr_line' id='line_1_14' title="bbox 6 1566 1013 1644; baseline -0.004 -18"><span class='ocrx_word' id='word_1_105' title='bbox 6 1583 8 1626; x_wconf 78' lang='lat' dir='ltr'><strong>l</strong></span> <span class='ocrx_word' id='word_1_106' title='bbox 46 1566 101 1624; x_wconf 75' lang='lat' dir='ltr'><strong>thee</strong></span> <span class='ocrx_word' id='word_1_107' title='bbox 114 1567 271 1644; x_wconf 76' lang='lat' dir='ltr'><strong>largitione</strong></span> <span class='ocrx_word' id='word_1_108' title='bbox 286 1566 387 1643; x_wconf 68' lang='lat' dir='ltr'><strong>magia</strong></span> <span class='ocrx_word' id='word_1_109' title='bbox 402 1586 487 1641; x_wconf 90' lang='lat' dir='ltr'><strong>quam</strong></span> <span class='ocrx_word' id='word_1_110' title='bbox 514 1587 620 1624; x_wconf 83' lang='lat' dir='ltr'><strong>caussa</strong></span> <span class='ocrx_word' id='word_1_111' title='bbox 640 1567 715 1639; x_wconf 84' lang='lat' dir='ltr'><strong>freti,</strong></span> <span class='ocrx_word' id='word_1_112' title='bbox 729 1569 829 1642; x_wconf 85' lang='lat' dir='ltr'><strong>paucis</strong></span> <span class='ocrx_word' id='word_1_113' title='bbox 843 1586 959 1642; x_wconf 89' lang='lat' dir='ltr'><strong>respon·</strong></span> <span class='ocrx_word' id='word_1_114' title='bbox 1007 1573 1013 1583; x_wconf 89' lang='lat'>&#39;</span> 
     </span>
     <span class='ocr_line' id='line_1_15' title="bbox 6 1660 959 1754; baseline 0.002 -39"><span class='ocrx_word' id='word_1_115' title='bbox 6 1671 8 1754; x_wconf 57' lang='lat' dir='ltr'><strong>p</strong></span> <span class='ocrx_word' id='word_1_116' title='bbox 45 1660 120 1720; x_wconf 88' lang='lat' dir='ltr'><strong>dent:</strong></span> <span class='ocrx_word' id='word_1_117' title='bbox 150 1669 169 1726; x_wconf 62' lang='lat'><strong>‘‚‘</strong></span> <span class='ocrx_word' id='word_1_118' title='bbox 181 1661 379 1736; x_wconf 87' lang='lat' dir='ltr'><strong>Hiempsalem</strong></span> <span class='ocrx_word' id='word_1_119' title='bbox 390 1661 426 1716; x_wconf 94' lang='lat' dir='ltr'><strong>ob</strong></span> <span class='ocrx_word' id='word_1_120' title='bbox 435 1661 586 1736; x_wconf 86' lang='lat' dir='ltr'><strong>saevitiam</strong></span> <span class='ocrx_word' id='word_1_121' title='bbox 596 1681 678 1718; x_wconf 90' lang='lat' dir='ltr'><strong>suam</strong></span> <span class='ocrx_word' id='word_1_122' title='bbox 689 1662 724 1716; x_wconf 88' lang='lat' dir='ltr'><strong>ab</strong></span> <span class='ocrx_word' id='word_1_123' title='bbox 733 1661 866 1718; x_wconf 89' lang='lat' dir='ltr'><strong>Numidis</strong></span> <span class='ocrx_word' id='word_1_124' title='bbox 874 1661 959 1719; x_wconf 88' lang='lat' dir='ltr'><strong>iuter·</strong></span> 
     </span>
     <span class='ocr_line' id='line_1_16' title="bbox 6 1740 960 1848; baseline 0.006 -40"><span class='ocrx_word' id='word_1_125' title='bbox 6 1757 8 1848; x_wconf 59' lang='lat' dir='ltr'><strong>p</strong></span> <span class='ocrx_word' id='word_1_126' title='bbox 46 1751 169 1814; x_wconf 72' lang='lat' dir='ltr'><strong>lectumt</strong></span> <span class='ocrx_word' id='word_1_127' title='bbox 190 1755 385 1812; x_wconf 79' lang='lat' dir='ltr'><strong>Adherbalem</strong></span> <span class='ocrx_word' id='word_1_128' title='bbox 398 1755 471 1812; x_wconf 89' lang='lat' dir='ltr'><strong>ultro</strong></span> <span class='ocrx_word' id='word_1_129' title='bbox 485 1740 601 1812; x_wconf 30' lang='lat' dir='ltr'><strong>bellum*</strong></span> <span class='ocrx_word' id='word_1_130' title='bbox 618 1754 797 1825; x_wconf 83' lang='lat' dir='ltr'><strong>inserentem,</strong></span> <span class='ocrx_word' id='word_1_131' title='bbox 812 1767 960 1832; x_wconf 86' lang='lat' dir='ltr'><strong>postquam</strong></span> 
     </span>
     <span class='ocr_line' id='line_1_17' title="bbox 45 1843 959 1931; baseline 0.001 -27"><span class='ocrx_word' id='word_1_132' title='bbox 45 1863 193 1925; x_wconf 77' lang='lat' dir='ltr'><strong>superatus</strong></span> <span class='ocrx_word' id='word_1_133' title='bbox 216 1850 262 1918; x_wconf 88' lang='lat' dir='ltr'><strong>sit,</strong></span> <span class='ocrx_word' id='word_1_134' title='bbox 276 1849 366 1924; x_wconf 82' lang='lat' dir='ltr'><strong>queri,</strong></span> <span class='ocrx_word' id='word_1_135' title='bbox 387 1850 470 1923; x_wconf 54' lang='lat' dir='ltr'><strong>quod*</strong></span> <span class='ocrx_word' id='word_1_136' title='bbox 485 1850 625 1925; x_wconf 84' lang='lat' dir='ltr'><strong>injuriam</strong></span> <span class='ocrx_word' id='word_1_137' title='bbox 642 1850 741 1907; x_wconf 82' lang='lat' dir='ltr'><strong>facere</strong></span> <span class='ocrx_word' id='word_1_138' title='bbox 763 1843 959 1931; x_wconf 69' lang='lat' dir='ltr'><strong>nequivisset:</strong></span> 
     </span>
     <span class='ocr_line' id='line_1_18' title="bbox 45 1936 960 2020; baseline -0.003 -18"><span class='ocrx_word' id='word_1_139' title='bbox 45 1941 213 2020; x_wconf 85' lang='lat' dir='ltr'><strong>Jugurtham</strong></span> <span class='ocrx_word' id='word_1_140' title='bbox 227 1945 263 2000; x_wconf 91' lang='lat' dir='ltr'><strong>ab</strong></span> <span class='ocrx_word' id='word_1_141' title='bbox 278 1952 378 2000; x_wconf 85' lang='lat' dir='ltr'><strong>senatu</strong></span> <span class='ocrx_word' id='word_1_142' title='bbox 402 1936 511 2018; x_wconf 82' lang='lat' dir='ltr'><strong>petere,</strong></span> <span class='ocrx_word' id='word_1_143' title='bbox 525 1961 562 2000; x_wconf 87' lang='lat' dir='ltr'><strong>ne</strong></span> <span class='ocrx_word' id='word_1_144' title='bbox 577 1944 666 2000; x_wconf 83' lang='lat' dir='ltr'><strong>alium</strong></span> <span class='ocrx_word' id='word_1_145' title='bbox 686 1953 827 2018; x_wconf 87' lang='lat' dir='ltr'><strong>putarent,</strong></span> <span class='ocrx_word' id='word_1_146' title='bbox 842 1964 878 2001; x_wconf 84' lang='lat' dir='ltr'><strong>ac</strong></span> <span class='ocrx_word' id='word_1_147' title='bbox 899 1944 960 2000; x_wconf 92' lang='lat' dir='ltr'><strong>Nu-</strong></span> 
     </span>
     <span class='ocr_line' id='line_1_19' title="bbox 6 2029 961 2115; baseline -0.003 -20"><span class='ocrx_word' id='word_1_148' title='bbox 6 2036 8 2095; x_wconf 64' lang='lat'>}</span> <span class='ocrx_word' id='word_1_149' title='bbox 45 2041 165 2099; x_wconf 68' lang='lat' dir='ltr'><strong>mantiae</strong></span> <span class='ocrx_word' id='word_1_150' title='bbox 181 2039 314 2115; x_wconf 84' lang='lat' dir='ltr'><strong>cognitus</strong></span> <span class='ocrx_word' id='word_1_151' title='bbox 328 2047 413 2106; x_wconf 88' lang='lat' dir='ltr'><strong>esset,</strong></span> <span class='ocrx_word' id='word_1_152' title='bbox 435 2056 491 2095; x_wconf 90' lang='lat' dir='ltr'><strong>neu</strong></span> <span class='ocrx_word' id='word_1_153' title='bbox 505 2029 594 2095; x_wconf 88' lang='lat' dir='ltr'><strong>verba</strong></span> <span class='ocrx_word' id='word_1_154' title='bbox 606 2038 714 2094; x_wconf 90' lang='lat' dir='ltr'><strong>inimici</strong></span> <span class='ocrx_word' id='word_1_155' title='bbox 728 2046 794 2093; x_wconf 85' lang='lat' dir='ltr'><strong>ante</strong></span> <span class='ocrx_word' id='word_1_156' title='bbox 809 2038 961 2106; x_wconf 82' lang='lat' dir='ltr'><strong>factasua</strong></span> 
     </span>
     <span class='ocr_line' id='line_1_20' title="bbox 48 2116 961 2207; baseline 0 -20"><span class='ocrx_word' id='word_1_157' title='bbox 48 2132 213 2204; x_wconf 86' lang='lat' dir='ltr'><strong>ponerent.&#39;&#39;</strong></span> <span class='ocrx_word' id='word_1_158' title='bbox 254 2116 365 2190; x_wconf 88' lang='lat' dir='ltr'><strong>Deinde</strong></span> <span class='ocrx_word' id='word_1_159' title='bbox 379 2132 489 2207; x_wconf 87' lang='lat' dir='ltr'><strong>utrique</strong></span> <span class='ocrx_word' id='word_1_160' title='bbox 504 2132 585 2187; x_wconf 87' lang='lat' dir='ltr'><strong>curia</strong></span> <span class='ocrx_word' id='word_1_161' title='bbox 603 2130 795 2207; x_wconf 86' lang='lat' dir='ltr'><strong>egrediuntur.</strong></span> <span class='ocrx_word' id='word_1_162' title='bbox 838 2131 961 2187; x_wconf 82' lang='lat' dir='ltr'><strong>Senatus</strong></span> 
     </span>
     <span class='ocr_line' id='line_1_21' title="bbox 48 2222 963 2303; baseline 0.003 -23"><span class='ocrx_word' id='word_1_163' title='bbox 48 2228 134 2285; x_wconf 85' lang='lat' dir='ltr'><strong>statim</strong></span> <span class='ocrx_word' id='word_1_164' title='bbox 149 2222 330 2285; x_wconf 82' lang='lat' dir='ltr'><strong>consulitur:</strong></span> <span class='ocrx_word' id='word_1_165' title='bbox 352 2225 477 2282; x_wconf 86' lang='lat' dir='ltr'><strong>fautores</strong></span> <span class='ocrx_word' id='word_1_166' title='bbox 500 2225 669 2302; x_wconf 87' lang='lat' dir='ltr'><strong>legatorum,</strong></span> <span class='ocrx_word' id='word_1_167' title='bbox 683 2234 834 2301; x_wconf 88' lang='lat' dir='ltr'><strong>praeterea</strong></span> <span class='ocrx_word' id='word_1_168' title='bbox 857 2245 963 2303; x_wconf 80' lang='lat' dir='ltr'><strong>magna</strong></span> 
     </span>
     <span class='ocr_line' id='line_1_22' title="bbox 50 2319 962 2400; baseline -0.002 -23"><span class='ocrx_word' id='word_1_169' title='bbox 50 2338 116 2392; x_wconf 80' lang='lat' dir='ltr'><strong>pars,</strong></span> <span class='ocrx_word' id='word_1_170' title='bbox 131 2321 230 2400; x_wconf 79' lang='lat' dir='ltr'><strong>gratia</strong></span> <span class='ocrx_word' id='word_1_171' title='bbox 243 2319 410 2394; x_wconf 65' lang='lat' dir='ltr'><strong>&#39;depravath</strong></span> <span class='ocrx_word' id='word_1_172' title='bbox 426 2319 601 2377; x_wconf 82' lang='lat' dir='ltr'><strong>Adherbalis</strong></span> <span class='ocrx_word' id='word_1_173' title='bbox 610 2320 688 2377; x_wconf 86' lang='lat' dir='ltr'><strong>dicta</strong></span> <span class='ocrx_word' id='word_1_174' title='bbox 702 2330 897 2391; x_wconf 87' lang='lat' dir='ltr'><strong>contemnere,</strong></span> <span class='ocrx_word' id='word_1_175' title='bbox 911 2319 962 2376; x_wconf 89' lang='lat' dir='ltr'><strong>Ju-</strong></span> 
     </span>
     <span class='ocr_line' id='line_1_23' title="bbox 6 2411 962 2515; baseline -0.002 -44"><span class='ocrx_word' id='word_1_176' title='bbox 6 2428 11 2515; x_wconf 54' lang='grc' dir='ltr'>ἱ</span> <span class='ocrx_word' id='word_1_177' title='bbox 48 2417 162 2487; x_wconf 83' lang='lat' dir='ltr'><strong>gurthae</strong></span> <span class='ocrx_word' id='word_1_178' title='bbox 177 2414 310 2471; x_wconf 79' lang='lat' dir='ltr'><strong>uirtutem</strong></span> <span class='ocrx_word' id='word_1_179' title='bbox 324 2411 469 2470; x_wconf 84' lang='lat' dir='ltr'><strong>extollere</strong></span> <span class='ocrx_word' id='word_1_180' title='bbox 483 2413 615 2474; x_wconf 82' lang='lat' dir='ltr'><strong>laudibus</strong></span> <span class='ocrx_word' id='word_1_181' title='bbox 631 2434 638 2484; x_wconf 90' lang='lat'><strong>;</strong></span> <span class='ocrx_word' id='word_1_182' title='bbox 660 2414 772 2489; x_wconf 68' lang='lat' dir='ltr'><strong>“grstia</strong></span> <span class='ocrx_word' id='word_1_183' title='bbox 786 2434 869 2483; x_wconf 86' lang='lat' dir='ltr'><strong>voce,</strong></span> <span class='ocrx_word' id='word_1_184' title='bbox 883 2413 962 2472; x_wconf 85' lang='lat' dir='ltr'><strong>deni·</strong></span> 
     </span>
     <span class='ocr_line' id='line_1_24' title="bbox 6 2506 962 2585; baseline -0.002 -22"><span class='ocrx_word' id='word_1_185' title='bbox 6 2522 10 2581; x_wconf 69' lang='lat' dir='ltr'><strong>l</strong></span> <span class='ocrx_word' id='word_1_186' title='bbox 49 2526 96 2579; x_wconf 88' lang='lat' dir='ltr'><strong>que</strong></span> <span class='ocrx_word' id='word_1_187' title='bbox 110 2508 245 2585; x_wconf 87' lang='lat' dir='ltr'><strong>omnibus</strong></span> <span class='ocrx_word' id='word_1_188' title='bbox 259 2506 350 2563; x_wconf 88' lang='lat' dir='ltr'><strong>modis</strong></span> <span class='ocrx_word' id='word_1_189' title='bbox 363 2525 415 2581; x_wconf 88' lang='lat' dir='ltr'><strong>pro</strong></span> <span class='ocrx_word' id='word_1_190' title='bbox 429 2506 523 2563; x_wconf 84' lang='lat' dir='ltr'><strong>alieno</strong></span> <span class='ocrx_word' id='word_1_191' title='bbox 532 2507 644 2562; x_wconf 79' lang='lat' dir='ltr'><strong>scelere</strong></span> <span class='ocrx_word' id='word_1_192' title='bbox 653 2516 682 2561; x_wconf 87' lang='lat' dir='ltr'><strong>et</strong></span> <span class='ocrx_word' id='word_1_193' title='bbox 692 2506 809 2581; x_wconf 83' lang='lat' dir='ltr'><strong>flagitio,</strong></span> <span class='ocrx_word' id='word_1_194' title='bbox 819 2525 873 2562; x_wconf 89' lang='lat' dir='ltr'><strong>sua</strong></span> <span class='ocrx_word' id='word_1_195' title='bbox 882 2507 962 2580; x_wconf 91' lang='lat' dir='ltr'><strong>quasi</strong></span> 
     </span>
     <span class='ocr_line' id='line_1_25' title="bbox 49 2599 998 2679; baseline -0.004 -22"><span class='ocrx_word' id='word_1_196' title='bbox 49 2618 92 2673; x_wconf 88' lang='lat' dir='ltr'><strong>pro</strong></span> <span class='ocrx_word' id='word_1_197' title='bbox 106 2603 211 2679; x_wconf 82' lang='lat' dir='ltr'><strong>gloria,</strong></span> <span class='ocrx_word' id='word_1_198' title='bbox 226 2602 397 2659; x_wconf 87' lang='lat' dir='ltr'><strong>nitebantur.</strong></span> <span class='ocrx_word' id='word_1_199' title='bbox 416 2600 419 2607; x_wconf 61' lang='lat'><strong>⁴</strong></span> <span class='ocrx_word' id='word_1_200' title='bbox 440 2602 478 2657; x_wconf 90' lang='lat' dir='ltr'><strong>At</strong></span> <span class='ocrx_word' id='word_1_201' title='bbox 492 2608 592 2657; x_wconf 87' lang='lat' dir='ltr'><strong>contra</strong></span> <span class='ocrx_word' id='word_1_202' title='bbox 602 2599 698 2673; x_wconf 88' lang='lat' dir='ltr'><strong>pauci,</strong></span> <span class='ocrx_word' id='word_1_203' title='bbox 707 2599 807 2672; x_wconf 91' lang='lat' dir='ltr'><strong>quibus</strong></span> <span class='ocrx_word' id='word_1_204' title='bbox 819 2599 926 2654; x_wconf 88' lang='lat' dir='ltr'><strong>bonum</strong></span> <span class='ocrx_word' id='word_1_205' title='bbox 935 2600 979 2654; x_wconf 69' lang='lat' dir='ltr'><strong>et‘</strong></span> <span class='ocrx_word' id='word_1_206' title='bbox 996 2669 998 2672; x_wconf 12' lang='grc' dir='ltr'>ι</span> 
     </span>
     <span class='ocr_line' id='line_1_26' title="bbox 17 2684 965 2771; baseline 0 -22"><span class='ocrx_word' id='word_1_207' title='bbox 17 2684 171 2771; x_wconf 68' lang='grc' dir='ltr'><strong>’ζαεφιωη</strong></span> <span class='ocrx_word' id='word_1_208' title='bbox 196 2695 301 2752; x_wconf 85' lang='lat' dir='ltr'><strong>divitiis</strong></span> <span class='ocrx_word' id='word_1_209' title='bbox 327 2688 444 2763; x_wconf 70' lang='lat' dir='ltr'><strong>⁹oariuS,</strong></span> <span class='ocrx_word' id='word_1_210' title='bbox 468 2692 715 2751; x_wconf 72' lang='lat' dir='ltr'><strong>¹⁰subveniundum</strong></span> <span class='ocrx_word' id='word_1_211' title='bbox 742 2691 908 2761; x_wconf 87' lang='lat' dir='ltr'><strong>Adherbali,</strong></span> <span class='ocrx_word' id='word_1_212' title='bbox 937 2703 965 2749; x_wconf 88' lang='lat' dir='ltr'><strong>et</strong></span> 
     </span>
     <span class='ocr_line' id='line_1_27' title="bbox 20 2778 965 2872; baseline 0 -24"><span class='ocrx_word' id='word_1_213' title='bbox 20 2866 23 2871; x_wconf 27' lang='grc' dir='ltr'>Ι</span> <span class='ocrx_word' id='word_1_214' title='bbox 51 2788 223 2871; x_wconf 86' lang='lat' dir='ltr'><strong>Hiempsalis</strong></span> <span class='ocrx_word' id='word_1_215' title='bbox 236 2778 358 2872; x_wconf 62' lang='lat' dir='ltr'><strong>mertem</strong></span> <span class='ocrx_word' id='word_1_216' title='bbox 371 2805 472 2849; x_wconf 84' lang='lat' dir='ltr'><strong>severe</strong></span> <span class='ocrx_word' id='word_1_217' title='bbox 492 2790 693 2849; x_wconf 89' lang='lat' dir='ltr'><strong>vindicandam</strong></span> <span class='ocrx_word' id='word_1_218' title='bbox 715 2791 893 2850; x_wconf 81' lang='lat' dir='ltr'><strong>censebant:</strong></span> <span class='ocrx_word' id='word_1_219' title='bbox 914 2790 965 2848; x_wconf 90' lang='lat' dir='ltr'><strong>sed</strong></span> 
     </span>
     <span class='ocr_line' id='line_1_28' title="bbox 50 2885 966 2956; baseline 0.003 -17"><span class='ocrx_word' id='word_1_220' title='bbox 50 2902 82 2942; x_wconf 78' lang='lat' dir='ltr'><strong>ex</strong></span> <span class='ocrx_word' id='word_1_221' title='bbox 100 2885 234 2945; x_wconf 91' lang='lat' dir='ltr'><strong>omuibus</strong></span> <span class='ocrx_word' id='word_1_222' title='bbox 254 2904 388 2943; x_wconf 84' lang='lat' dir='ltr'><strong>maxume</strong></span> <span class='ocrx_word' id='word_1_223' title='bbox 412 2886 572 2945; x_wconf 86' lang='lat' dir='ltr'><strong>¹¹Aemilius</strong></span> <span class='ocrx_word' id='word_1_224' title='bbox 596 2886 733 2953; x_wconf 85' lang='lat' dir='ltr'><strong>Scaurus,</strong></span> <span class='ocrx_word' id='word_1_225' title='bbox 747 2886 833 2942; x_wconf 92' lang='lat' dir='ltr'><strong>homo</strong></span> <span class='ocrx_word' id='word_1_226' title='bbox 852 2885 966 2956; x_wconf 86' lang='lat' dir='ltr'><strong>nobihs,</strong></span> 
     </span>
     <span class='ocr_line' id='line_1_29' title="bbox 49 2974 967 3059; baseline 0.001 -24"><span class='ocrx_word' id='word_1_227' title='bbox 49 2974 178 3059; x_wconf 77' lang='lat' dir='ltr'><strong>impiger,</strong></span> <span class='ocrx_word' id='word_1_228' title='bbox 187 2982 341 3051; x_wconf 76' lang='lat' dir='ltr'><strong>factiosus,</strong></span> <span class='ocrx_word' id='word_1_229' title='bbox 360 2980 459 3037; x_wconf 89' lang='lat' dir='ltr'><strong>avidus</strong></span> <span class='ocrx_word' id='word_1_230' title='bbox 473 2980 627 3054; x_wconf 85' lang='lat' dir='ltr'><strong>potentiae,</strong></span> <span class='ocrx_word' id='word_1_231' title='bbox 640 2980 767 3047; x_wconf 84' lang='lat' dir='ltr'><strong>honoris,</strong></span> <span class='ocrx_word' id='word_1_232' title='bbox 782 2978 943 3036; x_wconf 88' lang='lat' dir='ltr'><strong>divitiarum</strong></span> <span class='ocrx_word' id='word_1_233' title='bbox 957 2998 967 3051; x_wconf 70' lang='grc' dir='ltr'>ς</span> 
     </span>
     <span class='ocr_line' id='line_1_30' title="bbox 6 3070 970 3155; baseline 0 -24"><span class='ocrx_word' id='word_1_234' title='bbox 6 3088 10 3155; x_wconf 68' lang='lat' dir='ltr'><strong>p</strong></span> <span class='ocrx_word' id='word_1_235' title='bbox 51 3084 176 3137; x_wconf 71' lang='lat' dir='ltr'><strong>ostentm</strong></span> <span class='ocrx_word' id='word_1_236' title='bbox 189 3076 259 3133; x_wconf 85' lang='lat' dir='ltr'><strong>vitia</strong></span> <span class='ocrx_word' id='word_1_237' title='bbox 272 3094 326 3131; x_wconf 85' lang='lat' dir='ltr'><strong>sua</strong></span> <span class='ocrx_word' id='word_1_238' title='bbox 340 3074 451 3132; x_wconf 82' lang='lat' dir='ltr'><strong>callide</strong></span> <span class='ocrx_word' id='word_1_239' title='bbox 467 3074 626 3131; x_wconf 82' lang='lat' dir='ltr'><strong>occultans.</strong></span> <span class='ocrx_word' id='word_1_240' title='bbox 669 3070 698 3129; x_wconf 90' lang='lat' dir='ltr'><strong>Is</strong></span> <span class='ocrx_word' id='word_1_241' title='bbox 719 3081 869 3148; x_wconf 86' lang='lat' dir='ltr'><strong>postquam</strong></span> <span class='ocrx_word' id='word_1_242' title='bbox 892 3073 970 3131; x_wconf 85' lang='lat' dir='ltr'><strong>videt</strong></span> 
     </span>
     <span class='ocr_line' id='line_1_31' title="bbox 47 3165 970 3247; baseline 0.001 -22"><span class='ocrx_word' id='word_1_243' title='bbox 47 3168 122 3244; x_wconf 76' lang='lat' dir='ltr'><strong>ragis</strong></span> <span class='ocrx_word' id='word_1_244' title='bbox 136 3165 319 3247; x_wconf 81' lang='lat' dir='ltr'><strong>largitionem</strong></span> <span class='ocrx_word' id='word_1_245' title='bbox 329 3168 489 3228; x_wconf 61' lang='lat' dir='ltr'><strong>”famosam</strong></span> <span class='ocrx_word' id='word_1_246' title='bbox 501 3166 761 3244; x_wconf 87' lang='lat' dir='ltr'><strong>impudentemque,</strong></span> <span class='ocrx_word' id='word_1_247' title='bbox 769 3167 887 3238; x_wconf 87' lang='lat' dir='ltr'><strong>veritus,</strong></span> <span class='ocrx_word' id='word_1_248' title='bbox 896 3167 970 3244; x_wconf 92' lang='lat' dir='ltr'><strong>quod</strong></span> 
     </span>
     <span class='ocr_line' id='line_1_32' title="bbox 48 3244 970 3339; baseline 0.005 -22"><span class='ocrx_word' id='word_1_249' title='bbox 48 3258 140 3321; x_wconf 74' lang='lat' dir='ltr'><strong>&#39;tn-uti</strong></span> <span class='ocrx_word' id='word_1_250' title='bbox 155 3282 187 3321; x_wconf 90' lang='lat' dir='ltr'><strong>re</strong></span> <span class='ocrx_word' id='word_1_251' title='bbox 201 3264 283 3332; x_wconf 84' lang='lat' dir='ltr'><strong>solet,</strong></span> <span class='ocrx_word' id='word_1_252' title='bbox 298 3282 334 3319; x_wconf 90' lang='lat' dir='ltr'><strong>ne</strong></span> <span class='ocrx_word' id='word_1_253' title='bbox 349 3262 476 3339; x_wconf 17' lang='lat' dir='ltr'><strong>¹³poll—uta</strong></span> <span class='ocrx_word' id='word_1_254' title='bbox 489 3262 607 3321; x_wconf 86' lang='lat' dir='ltr'><strong>licentia</strong></span> <span class='ocrx_word' id='word_1_255' title='bbox 627 3260 763 3319; x_wconf 90' lang='lat' dir='ltr'><strong>invidiam</strong></span> <span class='ocrx_word' id='word_1_256' title='bbox 778 3244 970 3330; x_wconf 62' lang='lat' dir='ltr'><strong>‘accenderet</strong></span> 
     </span>
     <span class='ocr_line' id='line_1_33' title="bbox 46 3347 661 3438; baseline -0.002 -22"><span class='ocrx_word' id='word_1_257' title='bbox 46 3354 176 3415; x_wconf 77' lang='lat' dir='ltr'><strong>mimum</strong></span> <span class='ocrx_word' id='word_1_258' title='bbox 189 3377 208 3416; x_wconf 85' lang='lat' dir='ltr'><strong>a</strong></span> <span class='ocrx_word' id='word_1_259' title='bbox 220 3366 360 3415; x_wconf 85' lang='lat' dir='ltr'><strong>consueta</strong></span> <span class='ocrx_word' id='word_1_260' title='bbox 372 3347 498 3415; x_wconf 89' lang='lat' dir='ltr'><strong>lubidine</strong></span> <span class='ocrx_word' id='word_1_261' title='bbox 513 3356 661 3438; x_wconf 84' lang='lat' dir='ltr'><strong>continuit.</strong></span> 
     </span>
    </p>
   </div>
   <div class='ocr_carea' id='block_1_3' title="bbox 0 0 1145 4050">
    <p class='ocr_par' dir='ltr' id='par_1_3' title="bbox 0 0 1145 4050">
     <span class='ocr_line' id='line_1_34' title="bbox 0 0 1145 4050; baseline 0 0"><span class='ocrx_word' id='word_1_262' title='bbox 0 0 1145 4050; x_wconf 95' lang='lat' dir='ltr'><strong> </strong></span> 
     </span>
    </p>
   </div>
  </div>
 </body>
</html>
