2259 4050
955 41 966 69 s

126 231 185 295 114
409 204 570 294 Sinuessa
590 235 767 293 Jueuaras.
1110 1 1124 326 i

125 392 187 451 cies
200 390 237 447 ed
250 409 317 448 eum
331 409 418 466 saepe
434 392 560 459 miserat,
578 392 680 449 “velle
696 389 796 465 populi¹
806 388 930 445 Romani
946 385 1042 445 amiei-

124 486 203 555 tiam,
217 504 255 542 ne
276 487 343 560 quid
367 488 403 541 ab
423 504 454 541 se
470 487 571 542 bostile
586 484 731 543 timeret.?'
772 485 805 542 Id
819 484 1043 553 simulaverime,

123 598 180 653 que
194 580 364 653 improvisus
378 580 504 654 ¹gravier
523 581 681 647 accideret,
702 599 739 635 an
764 579 921 635 mobilitate
936 579 1044 655 ingenii
1121 584 1122 631 t

123 656 228 749 pacem
241 683 325 747 atque
340 674 447 729 bellum
458 684 570 729 mutare
585 675 693 742 solitus,
709 682 809 748 parum
823 674 1013 747 exploratum.

163 766 323 825 LXXXIX.
339 767 402 823 Sne
416 769 526 835 consul,
542 768 581 822 uti
593 778 741 836 statuerat,
752 769 856 842 oppida
867 768 1044 841 castellaque

124 862 232 918 munita
246 861 344 917 adire:
366 862 471 935 partim
485 862 521 930 vi,
536 848 691 930 alia'metu,
701 873 749 917 aut
761 862 890 939 praemia
900 860 1045 919 ostentari·

123 955 161 1011 do
175 964 306 1011 avortere
323 958 360 1013 ab
374 957 512 1012 hostibus.
555 959 600 1013 Ac
623 958 714 1029 primo
736 958 894 1025 mediocria
910 958 1044 1032 gerebat,
1121 1006 1124 1039 ἱ

55 1091 61 1100 ,
124 1049 310 1117 existumans,
324 1050 497 1127 Jugurtham
511 1053 547 1108 ob
561 1071 629 1107 suus
644 1053 775 1107 tutandos
790 1052 819 1107 in
834 1072 934 1109 manus
947 1062 1045 1109 ventu·
1120 1114 1123 1151 ff

88 1194 92 1200 .
124 1160 198 1198 nrm.
241 1145 309 1211 Sed,
323 1146 372 1200 ubi
386 1147 486 1219 procul
501 1149 614 1213 abesse,
630 1157 658 1202 et
673 1148 737 1203 aliis
751 1148 876 1222 negotiis
902 1149 1046 1208 intentum
1121 1160 1123 1201 t

125 1237 248 1309 accepit,
263 1238 384 1309 ²maj0ra
397 1249 426 1294 et
441 1259 546 1313 aspera
557 1241 679 1315 adgredi
693 1251 805 1315 tempus
826 1242 928 1297 visum.
973 1243 1047 1301 Erat

125 1329 199 1385 inter
212 1330 337 1402 ingentis
348 1334 517 1406 ¹solitudines
527 1335 667 1407 ,oppidum
681 1355 817 1410 magnum
834 1344 918 1408 atque
934 1338 1046 1408 valens,

125 1422 241 1478 nomine
254 1422 361 1496 Capsa,
375 1426 459 1498 cujus
473 1430 602 1483 conditor
624 1429 779 1484 'Hercules
795 1430 886 1503 Libys
900 1450 1046 1490 memora·
1117 1441 1120 1453 '

85 1550 89 1556 ·
125 1517 218 1573 batur.
261 1516 373 1590 Ejus
348 1537 428 1573 crves
441 1523 514 1593 apud
525 1524 727 1597 Jugurtham
720 1544 871 1593 rnrmuneS,
886 1527 962 1582 levi
955 1546 1046 1600 impe
1116 1467 1120 1562 Ι

126 1612 180 1679 rie,
205 1622 233 1666 et
247 1613 283 1668 ob
303 1631 339 1666 ea
362 1613 527 1671 fidelissumi
551 1619 748 1676 habebantur.
769 1620 869 1675 muniti
894 1620 1048 1678 advorsum
1116 1613 1119 1713 l

126 1705 216 1761 bostis
229 1723 287 1760 nen
300 1705 552 1775 moenibusmod0,
563 1714 690 1767 etermis
702 1724 785 1786 atque
798 1715 874 1782 virise,
886 1716 975 1772 multo
983 1736 1045 1772 ma
1118 1726 1119 1729 ’

126 1799 170 1875 gis
181 1800 310 1858 locorum
324 1799 489 1870 asperitate.
531 1802 617 1867 Nam,
632 1817 745 1875 praeter
759 1809 861 1880 oppidu
876 1811 1046 1883 propinqua,
1061 1884 1066 1890 Ι
1119 1822 1120 1833 ³

127 1894 185 1947 alia
198 1893 294 1947 omnia
305 1902 396 1958 vasta,
411 1890 529 1959 inculta,
542 1897 659 1968 egentia
673 1917 775 1970 aquae,
789 1902 895 1957 infesta
906 1906 1047 1977 serpenti

126 1989 197 2044 bus:
219 2005 338 2062 quarum
352 1985 405 2054 viS,
419 1985 1046 2083 sicutiomniumferarum‚inopiacibiacri
1118 2022 1119 2044 ³

127 2102 179 2140 or:
201 2085 237 2138 ad
251 2084 306 2137 hec
326 2090 428 2150 natura
452 2080 635 2157 serpentium,
657 2085 718 2158 ipsa
740 2091 909 2160 perniciosa,
925 2078 971 2148 siti
985 2114 1046 2149 ma-

127 2177 182 2254 gis,
191 2196 278 2250 quam
287 2176 391 2242 aliare,
401 2176 578 2230 accenditur.
602 2175 638 2248 Ε
626 2191 727 2250 Jpeust
717 2182 804 2238 tiundi
812 2185 936 2242 Marium
946 2207 1047 2245 maxu-

127 2291 175 2328 ma
186 2271 291 2344 cupide
304 2270 459 2335 invaserat,
471 2287 535 2322 cum
547 2262 664 2340 pxiepter
673 2289 755 2326 usum
763 2277 840 2344 belli,
849 2289 909 2336 tum
918 2283 985 2354 quia
997 2302 1045 2338 res

128 2384 233 2440 aspera
247 2365 414 2430 videbatur3
437 2372 465 2418 et
489 2361 625 2417 Metellus
647 2363 779 2436 oppidum
802 2367 924 2427 'l‘balam
938 2395 1045 2451 magna

128 2460 219 2536 gloria
234 2466 361 2533 ceperat,
375 2456 452 2511 haud
466 2456 642 2512 dissimiliter
656 2457 739 2539 situm
756 2462 946 2535 munitumque
960 2488 979 2536 ς·
990 2471 1045 2526 nisi

97 2595 101 2604 .
128 2554 203 2628 quod
217 2553 291 2626 apud
306 2551 430 2607 Thalam
445 2551 520 2606 haud
532 2552 618 2627 longe
634 2572 653 2607 a
667 2553 814 2608 moenibus
834 2554 938 2627 aliquot
953 2561 1045 2619 fontes

128 2660 220 2716 erant,
237 2648 402 2722 Capsenses
413 2665 470 2702 una
485 2648 580 2715 modo,
595 2656 678 2719 atque
694 2647 813 2702 eaintra
836 2650 980 2722 oppidum,
994 2657 1045 2728 ⁵ju.

129 2743 258 2819 giaqua,
272 2741 486 2815 ⁶ceterapluvia
499 2743 659 2796 utebantur.
707 2739 739 2796 ld
753 2739 857 2813 ibique,
883 2753 910 2798 et
928 2745 958 2798 in
973 2749 1048 2804 omni
1121 2799 1122 2804 ,

128 2837 327 2910 Africa‚‚quae
342 2836 440 2909 procul
452 2855 471 2890 a
482 2835 553 2892 mari
564 2834 699 2890 incultius
710 2835 824 2909 agebat,
837 2855 872 2891 eo
882 2836 997 2894 facilius
1005 2849 1047 2896 to·
1121 2837 1122 2850 ¹

129 2931 282 2998 letabatur,
297 2931 364 3003 quia
377 2931 520 2987 Numidae
535 2931 702 3002 plerumque
717 2929 791 2984 lacte
807 2939 835 2984 et
851 2930 942 2986 ferina
958 2951 1047 2990 earne
1121 2945 1122 2952 ’

128 3027 329 3093 vescebantur,
340 3044 434 3098 neque
446 3026 558 3090 ⁷salem,
574 3041 668 3096 neque
691 3023 748 3086 alia
762 3023 939 3080 irritamenta
956 3026 1048 3100 ¹gulae
1104 3053 1122 3104 χ

128 3121 322 3194 quaerebaut;
344 3120 426 3176 cibus
439 3118 498 3175 illis
510 3118 663 3174 advorsum
677 3117 782 3174 famem
797 3128 882 3192 atque
893 3119 980 3202 sitim,
991 3139 1048 3178 non

128 3213 257 3281 lubidini,
267 3232 360 3287 neque
375 3213 504 3270 luxuriae
519 3223 591 3268 erat.
1121 3287 1122 3292 ἵ

88 3327 93 3340 ·
139 3306 233 3380 XC.
257 3306 366 3365 lnrrnn
380 3307 489 3373 consul,
505 3306 636 3362 omnibus
651 3307 814 3381 exploratis,
827 3308 925 3376 eredo,
935 3308 980 3364 dis
993 3308 1049 3366 fre-
1121 3299 1122 3322 ³

129 3410 191 3472 tum
211 3420 279 3462 nam
292 3413 394 3459 centra
406 3409 500 3456 tantus
514 3400 696 3461 difficultates
720 3402 840 3458 consilio
863 3401 934 3478 satis
958 3403 1050 3477 provi·
