<?xml version="1.0" encoding="UTF-8"?>
<!DOCTYPE html PUBLIC "-//W3C//DTD XHTML 1.0 Transitional//EN"
    "http://www.w3.org/TR/xhtml1/DTD/xhtml1-transitional.dtd">
<html xmlns="http://www.w3.org/1999/xhtml" xml:lang="en" lang="en">
 <head>
  <title>
</title>
<meta http-equiv="Content-Type" content="text/html;charset=utf-8" />
  <meta name='ocr-system' content='tesseract 3.04.00' />
  <meta name='ocr-capabilities' content='ocr_page ocr_carea ocr_par ocr_line ocrx_word'/>
</head>
<body>
  <div class='ocr_page' id='page_1' title='image "./ccrispisallusti01anthgoog_0069.png"; bbox 0 0 2259 4050; ppageno 0'>
   <div class='ocr_carea' id='block_1_1' title="bbox 354 247 996 324">
    <p class='ocr_par' dir='ltr' id='par_1_1' title="bbox 354 247 996 324">
     <span class='ocr_line' id='line_1_1' title="bbox 354 247 996 324; baseline 0 -16"><span class='ocrx_word' id='word_1_1' title='bbox 354 249 535 308; x_wconf 73' lang='lat' dir='ltr'><strong>.·Sunosm</strong></span> <span class='ocrx_word' id='word_1_2' title='bbox 549 248 713 306; x_wconf 74' lang='lat' dir='ltr'><strong>Carinum.</strong></span> <span class='ocrx_word' id='word_1_3' title='bbox 791 247 795 252; x_wconf 75' lang='grc'><em>’</em></span> <span class='ocrx_word' id='word_1_4' title='bbox 906 251 996 324; x_wconf 72' lang='lat'><strong>&#39;4³¹</strong></span> 
     </span>
    </p>
   </div>
   <div class='ocr_carea' id='block_1_2' title="bbox 11 403 1057 3485">
    <p class='ocr_par' dir='ltr' id='par_1_2' title="bbox 75 403 989 480">
     <span class='ocr_line' id='line_1_2' title="bbox 75 403 989 480; baseline 0.001 -20"><span class='ocrx_word' id='word_1_5' title='bbox 75 415 128 474; x_wconf 84' lang='lat' dir='ltr'><strong>tus,</strong></span> <span class='ocrx_word' id='word_1_6' title='bbox 151 412 202 460; x_wconf 85' lang='lat' dir='ltr'><strong>aut</strong></span> <span class='ocrx_word' id='word_1_7' title='bbox 215 404 339 480; x_wconf 79' lang='lat' dir='ltr'><strong>legatus,</strong></span> <span class='ocrx_word' id='word_1_8' title='bbox 355 414 404 460; x_wconf 85' lang='lat' dir='ltr'><strong>aut</strong></span> <span class='ocrx_word' id='word_1_9' title='bbox 422 413 539 478; x_wconf 84' lang='lat' dir='ltr'><strong>praetor</strong></span> <span class='ocrx_word' id='word_1_10' title='bbox 562 423 630 460; x_wconf 90' lang='lat' dir='ltr'><strong>cum</strong></span> <span class='ocrx_word' id='word_1_11' title='bbox 649 424 759 480; x_wconf 85' lang='lat' dir='ltr'><strong>magna</strong></span> <span class='ocrx_word' id='word_1_12' title='bbox 771 403 864 479; x_wconf 82' lang='lat' dir='ltr'><strong>gloria</strong></span> <span class='ocrx_word' id='word_1_13' title='bbox 885 404 989 475; x_wconf 75' lang='lat' dir='ltr'><strong>fuerat,</strong></span> 
     </span>
    </p>

    <p class='ocr_par' dir='ltr' id='par_1_3' title="bbox 11 491 1057 2525">
     <span class='ocr_line' id='line_1_3' title="bbox 74 491 990 576; baseline 0 -21"><span class='ocrx_word' id='word_1_14' title='bbox 74 498 225 576; x_wconf 88' lang='lat' dir='ltr'><strong>plerosque</strong></span> <span class='ocrx_word' id='word_1_15' title='bbox 239 498 317 571; x_wconf 87' lang='lat' dir='ltr'><strong>ipsos</strong></span> <span class='ocrx_word' id='word_1_16' title='bbox 331 497 464 571; x_wconf 85' lang='lat' dir='ltr'><strong>factaque</strong></span> <span class='ocrx_word' id='word_1_17' title='bbox 481 499 581 554; x_wconf 84' lang='lat' dir='ltr'><strong>eorum</strong></span> <span class='ocrx_word' id='word_1_18' title='bbox 594 498 680 556; x_wconf 81' lang='lat' dir='ltr'><strong>fortia</strong></span> <span class='ocrx_word' id='word_1_19' title='bbox 692 491 815 554; x_wconf 85' lang='lat' dir='ltr'><strong>noverat</strong></span> <span class='ocrx_word' id='word_1_20' title='bbox 830 518 837 554; x_wconf 73' lang='lat' dir='ltr'><strong><em>z</em></strong></span> <span class='ocrx_word' id='word_1_21' title='bbox 853 516 890 555; x_wconf 81' lang='lat' dir='ltr'><strong>ea</strong></span> <span class='ocrx_word' id='word_1_22' title='bbox 913 517 990 557; x_wconf 86' lang='lat' dir='ltr'><strong>corn·</strong></span> 
     </span>
     <span class='ocr_line' id='line_1_4' title="bbox 74 591 719 650; baseline -0.006 0.644"><span class='ocrx_word' id='word_1_23' title='bbox 74 591 258 650; x_wconf 83' lang='lat' dir='ltr'><strong>memorando</strong></span> <span class='ocrx_word' id='word_1_24' title='bbox 273 592 393 648; x_wconf 85' lang='lat' dir='ltr'><strong>militum</strong></span> <span class='ocrx_word' id='word_1_25' title='bbox 404 591 514 648; x_wconf 86' lang='lat' dir='ltr'><strong>animos</strong></span> <span class='ocrx_word' id='word_1_26' title='bbox 529 592 719 648; x_wconf 79' lang='lat' dir='ltr'><strong>accendebat.</strong></span> 
     </span>
     <span class='ocr_line' id='line_1_5' title="bbox 11 684 991 771; baseline 0.002 -30"><span class='ocrx_word' id='word_1_27' title='bbox 11 687 12 692; x_wconf 73' lang='grc'>’</span> <span class='ocrx_word' id='word_1_28' title='bbox 40 749 46 771; x_wconf 31' lang='grc' dir='ltr'>ἱ</span> <span class='ocrx_word' id='word_1_29' title='bbox 92 745 94 750; x_wconf 68' lang='grc'>,</span> <span class='ocrx_word' id='word_1_30' title='bbox 113 684 177 752; x_wconf 90' lang='lat' dir='ltr'><strong>LX.</strong></span> <span class='ocrx_word' id='word_1_31' title='bbox 201 686 335 753; x_wconf 79' lang='lat' dir='ltr'><strong>Sunubi,</strong></span> <span class='ocrx_word' id='word_1_32' title='bbox 347 687 433 745; x_wconf 86' lang='lat' dir='ltr'><strong>rebus</strong></span> <span class='ocrx_word' id='word_1_33' title='bbox 447 685 755 758; x_wconf 76' lang='lat' dir='ltr'><strong>omnibusexploratiS,</strong></span> <span class='ocrx_word' id='word_1_34' title='bbox 767 685 898 742; x_wconf 82' lang='lat' dir='ltr'><strong>Petreius</strong></span> <span class='ocrx_word' id='word_1_35' title='bbox 911 685 991 743; x_wconf 80' lang='lat' dir='ltr'><strong>¹tuba</strong></span> 
     </span>
     <span class='ocr_line' id='line_1_6' title="bbox 11 779 991 854; baseline -0.001 -17"><span class='ocrx_word' id='word_1_36' title='bbox 11 789 12 812; x_wconf 77' lang='lat'>³</span> <span class='ocrx_word' id='word_1_37' title='bbox 74 781 187 854; x_wconf 87' lang='lat' dir='ltr'><strong>siguum</strong></span> <span class='ocrx_word' id='word_1_38' title='bbox 199 780 257 847; x_wconf 84' lang='lat' dir='ltr'><strong>dat,</strong></span> <span class='ocrx_word' id='word_1_39' title='bbox 270 780 395 836; x_wconf 82' lang='lat' dir='ltr'>cohortis</span> <span class='ocrx_word' id='word_1_40' title='bbox 406 779 553 854; x_wconf 79' lang='lat' dir='ltr'><strong>paullatim</strong></span> <span class='ocrx_word' id='word_1_41' title='bbox 562 779 701 835; x_wconf 82' lang='lat' dir='ltr'>incedere</span> <span class='ocrx_word' id='word_1_42' title='bbox 713 780 814 852; x_wconf 87' lang='lat' dir='ltr'><strong>jubet;</strong></span> <span class='ocrx_word' id='word_1_43' title='bbox 836 780 912 836; x_wconf 89' lang='lat' dir='ltr'><strong>idem</strong></span> <span class='ocrx_word' id='word_1_44' title='bbox 922 779 991 836; x_wconf 90' lang='lat' dir='ltr'><strong>facit</strong></span> 
     </span>
     <span class='ocr_line' id='line_1_7' title="bbox 74 872 990 946; baseline -0.003 -15"><span class='ocrx_word' id='word_1_45' title='bbox 74 873 195 931; x_wconf 88' lang='lat' dir='ltr'><strong>hostium</strong></span> <span class='ocrx_word' id='word_1_46' title='bbox 207 872 359 928; x_wconf 75' lang='lat' dir='ltr'><strong>exercituo.</strong></span> <span class='ocrx_word' id='word_1_47' title='bbox 402 873 555 946; x_wconf 83' lang='lat' dir='ltr'><strong>Postquam</strong></span> <span class='ocrx_word' id='word_1_48' title='bbox 570 891 606 928; x_wconf 90' lang='lat' dir='ltr'><strong>eo</strong></span> <span class='ocrx_word' id='word_1_49' title='bbox 621 882 747 940; x_wconf 82' lang='lat' dir='ltr'><strong>ventum,</strong></span> <span class='ocrx_word' id='word_1_50' title='bbox 761 873 837 928; x_wconf 90' lang='lat' dir='ltr'><strong>uude</strong></span> <span class='ocrx_word' id='word_1_51' title='bbox 853 893 871 928; x_wconf 88' lang='lat' dir='ltr'><strong>a</strong></span> <span class='ocrx_word' id='word_1_52' title='bbox 883 873 990 930; x_wconf 70' lang='lat' dir='ltr'><strong>&#39;feren-</strong></span> 
     </span>
     <span class='ocr_line' id='line_1_8' title="bbox 12 954 990 1040; baseline -0.002 -16"><span class='ocrx_word' id='word_1_53' title='bbox 12 963 13 984; x_wconf 58' lang='lat'>;</span> <span class='ocrx_word' id='word_1_54' title='bbox 74 966 153 1024; x_wconf 88' lang='lat' dir='ltr'><strong>tariis</strong></span> <span class='ocrx_word' id='word_1_55' title='bbox 174 965 315 1040; x_wconf 80' lang='lat' dir='ltr'><strong>praelium</strong></span> <span class='ocrx_word' id='word_1_56' title='bbox 341 966 479 1023; x_wconf 81' lang='lat' dir='ltr'><strong>committi</strong></span> <span class='ocrx_word' id='word_1_57' title='bbox 499 954 606 1040; x_wconf 78' lang='lat' dir='ltr'><strong>posset,</strong></span> <span class='ocrx_word' id='word_1_58' title='bbox 627 986 761 1022; x_wconf 85' lang='lat' dir='ltr'><strong>maxumo</strong></span> <span class='ocrx_word' id='word_1_59' title='bbox 775 968 901 1026; x_wconf 80' lang='lat' dir='ltr'><strong>clamore</strong></span> <span class='ocrx_word' id='word_1_60' title='bbox 912 967 990 1023; x_wconf 78' lang='lat' dir='ltr'><strong>³cum</strong></span> 
     </span>
     <span class='ocr_line' id='line_1_9' title="bbox 12 1049 991 1136; baseline 0 -18"><span class='ocrx_word' id='word_1_61' title='bbox 12 1049 13 1098; x_wconf 46' lang='grc' dir='ltr'><strong>ἶ</strong></span> <span class='ocrx_word' id='word_1_62' title='bbox 73 1059 185 1118; x_wconf 87' lang='lat' dir='ltr'><strong>infestis</strong></span> <span class='ocrx_word' id='word_1_63' title='bbox 196 1059 288 1134; x_wconf 87' lang='lat' dir='ltr'><strong>signis</strong></span> <span class='ocrx_word' id='word_1_64' title='bbox 298 1069 487 1130; x_wconf 81' lang='lat' dir='ltr'><strong>concurrunt;</strong></span> <span class='ocrx_word' id='word_1_65' title='bbox 509 1060 580 1133; x_wconf 71' lang='lat' dir='ltr'><strong>⁴pila</strong></span> <span class='ocrx_word' id='word_1_66' title='bbox 593 1061 744 1128; x_wconf 81' lang='lat' dir='ltr'><strong>omittunt3</strong></span> <span class='ocrx_word' id='word_1_67' title='bbox 767 1062 871 1135; x_wconf 85' lang='lat' dir='ltr'>gladiis</span> <span class='ocrx_word' id='word_1_68' title='bbox 881 1080 930 1117; x_wconf 84' lang='lat' dir='ltr'><strong>res</strong></span> <span class='ocrx_word' id='word_1_69' title='bbox 940 1080 991 1136; x_wconf 83' lang='lat' dir='ltr'><strong>ge·</strong></span> 
     </span>
     <span class='ocr_line' id='line_1_10' title="bbox 73 1153 991 1227; baseline -0.002 -16"><span class='ocrx_word' id='word_1_70' title='bbox 73 1155 152 1212; x_wconf 81' lang='lat' dir='ltr'><strong>titur.</strong></span> <span class='ocrx_word' id='word_1_71' title='bbox 195 1153 353 1220; x_wconf 79' lang='lat' dir='ltr'><strong>⁵Veterani‚</strong></span> <span class='ocrx_word' id='word_1_72' title='bbox 382 1155 519 1227; x_wconf 80' lang='lat' dir='ltr'><strong>pristinae</strong></span> <span class='ocrx_word' id='word_1_73' title='bbox 544 1153 655 1208; x_wconf 88' lang='lat' dir='ltr'><strong>virtutis</strong></span> <span class='ocrx_word' id='word_1_74' title='bbox 679 1172 832 1222; x_wconf 83' lang='lat' dir='ltr'>memores,</span> <span class='ocrx_word' id='word_1_75' title='bbox 860 1155 991 1209; x_wconf 81' lang='lat' dir='ltr'><strong>corninus</strong></span> 
     </span>
     <span class='ocr_line' id='line_1_11' title="bbox 74 1236 989 1304; baseline 0 -1"><span class='ocrx_word' id='word_1_76' title='bbox 74 1247 179 1304; x_wconf 86' lang='lat' dir='ltr'><strong>acriter</strong></span> <span class='ocrx_word' id='word_1_77' title='bbox 199 1247 325 1303; x_wconf 88' lang='lat' dir='ltr'><strong>instare:</strong></span> <span class='ocrx_word' id='word_1_78' title='bbox 346 1247 398 1302; x_wconf 71' lang='lat' dir='ltr'><strong>ulli</strong></span> <span class='ocrx_word' id='word_1_79' title='bbox 418 1236 496 1303; x_wconf 85' lang='lat' dir='ltr'><strong>¹haud</strong></span> <span class='ocrx_word' id='word_1_80' title='bbox 510 1247 600 1303; x_wconf 91' lang='lat' dir='ltr'><strong>timidi</strong></span> <span class='ocrx_word' id='word_1_81' title='bbox 624 1246 778 1303; x_wconf 84' lang='lat' dir='ltr'><strong>resistunt:</strong></span> <span class='ocrx_word' id='word_1_82' title='bbox 799 1265 934 1303; x_wconf 85' lang='lat' dir='ltr'><strong>maxuma</strong></span> <span class='ocrx_word' id='word_1_83' title='bbox 961 1247 989 1303; x_wconf 86' lang='lat' dir='ltr'><strong>vi</strong></span> 
     </span>
     <span class='ocr_line' id='line_1_12' title="bbox 75 1340 989 1415; baseline -0.001 -18"><span class='ocrx_word' id='word_1_84' title='bbox 75 1349 225 1398; x_wconf 51' lang='lat' dir='ltr'><strong>certatur(</strong></span> <span class='ocrx_word' id='word_1_85' title='bbox 250 1340 377 1396; x_wconf 75' lang='lat' dir='ltr'><strong>⁷Interea</strong></span> <span class='ocrx_word' id='word_1_86' title='bbox 388 1340 514 1397; x_wconf 84' lang='lat' dir='ltr'><strong>Catilina</strong></span> <span class='ocrx_word' id='word_1_87' title='bbox 527 1359 594 1396; x_wconf 89' lang='lat' dir='ltr'><strong>cum</strong></span> <span class='ocrx_word' id='word_1_88' title='bbox 609 1341 751 1415; x_wconf 79' lang='lat' dir='ltr'><strong>expeditis</strong></span> <span class='ocrx_word' id='word_1_89' title='bbox 770 1340 904 1414; x_wconf 85' lang='lat' dir='ltr'><strong>inprime</strong></span> <span class='ocrx_word' id='word_1_90' title='bbox 925 1342 989 1396; x_wconf 90' lang='lat' dir='ltr'><strong>acie</strong></span> 
     </span>
     <span class='ocr_line' id='line_1_13' title="bbox 76 1434 990 1508; baseline -0.002 -18"><span class='ocrx_word' id='word_1_91' title='bbox 76 1434 192 1502; x_wconf 83' lang='lat' dir='ltr'><strong>versari,</strong></span> <span class='ocrx_word' id='word_1_92' title='bbox 220 1434 415 1490; x_wconf 87' lang='lat' dir='ltr'><strong>laborantibus</strong></span> <span class='ocrx_word' id='word_1_93' title='bbox 443 1452 627 1502; x_wconf 84' lang='lat' dir='ltr'><strong>succurrere,</strong></span> <span class='ocrx_word' id='word_1_94' title='bbox 652 1435 782 1508; x_wconf 81' lang='lat' dir='ltr'><strong>integros</strong></span> <span class='ocrx_word' id='word_1_95' title='bbox 803 1452 854 1506; x_wconf 91' lang='lat' dir='ltr'><strong>pro</strong></span> <span class='ocrx_word' id='word_1_96' title='bbox 882 1434 990 1489; x_wconf 84' lang='lat' dir='ltr'><strong>sauciis</strong></span> 
     </span>
     <span class='ocr_line' id='line_1_14' title="bbox 11 1527 1024 1601; baseline -0.007 -13"><span class='ocrx_word' id='word_1_97' title='bbox 11 1584 12 1588; x_wconf 72' lang='grc'>,</span> <span class='ocrx_word' id='word_1_98' title='bbox 74 1529 242 1595; x_wconf 72' lang='lat' dir='ltr'><strong>flarcessere,</strong></span> <span class='ocrx_word' id='word_1_99' title='bbox 257 1527 353 1583; x_wconf 91' lang='lat' dir='ltr'><strong>omnia</strong></span> <span class='ocrx_word' id='word_1_100' title='bbox 363 1528 523 1601; x_wconf 89' lang='lat' dir='ltr'><strong>providere,</strong></span> <span class='ocrx_word' id='word_1_101' title='bbox 534 1529 653 1585; x_wconf 87' lang='lat' dir='ltr'><strong>multum</strong></span> <span class='ocrx_word' id='word_1_102' title='bbox 667 1528 729 1599; x_wconf 90' lang='lat' dir='ltr'><strong>ipse</strong></span> <span class='ocrx_word' id='word_1_103' title='bbox 739 1538 881 1599; x_wconf 84' lang='lat' dir='ltr'><strong>pugnare,</strong></span> <span class='ocrx_word' id='word_1_104' title='bbox 900 1543 991 1598; x_wconf 84' lang='lat' dir='ltr'><strong>saepe</strong></span> <span class='ocrx_word' id='word_1_105' title='bbox 1023 1561 1024 1564; x_wconf 62' lang='lat'><em>=</em></span> 
     </span>
     <span class='ocr_line' id='line_1_15' title="bbox 11 1618 991 1692; baseline -0.01 -8"><span class='ocrx_word' id='word_1_106' title='bbox 11 1679 12 1684; x_wconf 75' lang='grc'>,</span> <span class='ocrx_word' id='word_1_107' title='bbox 75 1624 185 1680; x_wconf 85' lang='lat' dir='ltr'><strong>hostem</strong></span> <span class='ocrx_word' id='word_1_108' title='bbox 196 1621 298 1691; x_wconf 82' lang='lat' dir='ltr'><strong>ferire3</strong></span> <span class='ocrx_word' id='word_1_109' title='bbox 321 1622 432 1677; x_wconf 86' lang='lat' dir='ltr'><strong>strenui</strong></span> <span class='ocrx_word' id='word_1_110' title='bbox 448 1621 553 1688; x_wconf 83' lang='lat' dir='ltr'><strong>militis,</strong></span> <span class='ocrx_word' id='word_1_111' title='bbox 574 1629 603 1676; x_wconf 88' lang='lat' dir='ltr'><strong>et</strong></span> <span class='ocrx_word' id='word_1_112' title='bbox 617 1621 683 1676; x_wconf 91' lang='lat' dir='ltr'><strong>boni</strong></span> <span class='ocrx_word' id='word_1_113' title='bbox 698 1618 881 1692; x_wconf 85' lang='lat' dir='ltr'><strong>imperatoris</strong></span> <span class='ocrx_word' id='word_1_114' title='bbox 895 1618 991 1674; x_wconf 85' lang='lat' dir='ltr'><strong>officia</strong></span> 
     </span>
     <span class='ocr_line' id='line_1_16' title="bbox 11 1696 1057 1788; baseline -0.004 -16"><span class='ocrx_word' id='word_1_115' title='bbox 11 1705 12 1712; x_wconf 9' lang='grc' dir='ltr'>ἵ</span> <span class='ocrx_word' id='word_1_116' title='bbox 75 1717 155 1772; x_wconf 88' lang='lat' dir='ltr'><strong>simul</strong></span> <span class='ocrx_word' id='word_1_117' title='bbox 165 1717 386 1788; x_wconf 85' lang='lat' dir='ltr'><strong>exsequebatur.</strong></span> <span class='ocrx_word' id='word_1_118' title='bbox 428 1714 569 1783; x_wconf 74' lang='lat' dir='ltr'><strong>PetreiuS,</strong></span> <span class='ocrx_word' id='word_1_119' title='bbox 586 1715 633 1770; x_wconf 94' lang='lat' dir='ltr'><strong>ubi</strong></span> <span class='ocrx_word' id='word_1_120' title='bbox 645 1714 722 1771; x_wconf 90' lang='lat' dir='ltr'><strong>videt</strong></span> <span class='ocrx_word' id='word_1_121' title='bbox 732 1713 897 1782; x_wconf 83' lang='lat' dir='ltr'><strong>Catilinam,</strong></span> <span class='ocrx_word' id='word_1_122' title='bbox 911 1711 989 1769; x_wconf 68' lang='lat' dir='ltr'><strong>”con-</strong></span> <span class='ocrx_word' id='word_1_123' title='bbox 1054 1696 1057 1700; x_wconf 33' lang='lat'><em>¹</em></span> 
     </span>
     <span class='ocr_line' id='line_1_17' title="bbox 74 1807 1002 1884; baseline -0.003 -18"><span class='ocrx_word' id='word_1_124' title='bbox 74 1822 117 1867; x_wconf 87' lang='lat' dir='ltr'><strong>tra</strong></span> <span class='ocrx_word' id='word_1_125' title='bbox 126 1829 162 1866; x_wconf 85' lang='lat' dir='ltr'><strong>ac</strong></span> <span class='ocrx_word' id='word_1_126' title='bbox 174 1819 252 1866; x_wconf 88' lang='lat' dir='ltr'><strong>ratus</strong></span> <span class='ocrx_word' id='word_1_127' title='bbox 264 1821 335 1878; x_wconf 87' lang='lat' dir='ltr'><strong>erat,</strong></span> <span class='ocrx_word' id='word_1_128' title='bbox 345 1827 452 1884; x_wconf 85' lang='lat' dir='ltr'><strong>magua</strong></span> <span class='ocrx_word' id='word_1_129' title='bbox 462 1808 489 1864; x_wconf 89' lang='lat' dir='ltr'><strong>vi</strong></span> <span class='ocrx_word' id='word_1_130' title='bbox 495 1809 626 1877; x_wconf 88' lang='lat' dir='ltr'><strong>tendere,</strong></span> <span class='ocrx_word' id='word_1_131' title='bbox 636 1809 806 1872; x_wconf 78' lang='lat' dir='ltr'><strong>¹⁰colrortem</strong></span> <span class='ocrx_word' id='word_1_132' title='bbox 816 1807 1002 1882; x_wconf 76' lang='lat' dir='ltr'><strong>praetoriam·</strong></span> 
     </span>
     <span class='ocr_line' id='line_1_18' title="bbox 77 1901 990 1976; baseline -0.004 -16.27"><span class='ocrx_word' id='word_1_133' title='bbox 77 1905 103 1960; x_wconf 87' lang='lat' dir='ltr'><strong>iu</strong></span> <span class='ocrx_word' id='word_1_134' title='bbox 114 1904 225 1960; x_wconf 90' lang='lat' dir='ltr'><strong>medios</strong></span> <span class='ocrx_word' id='word_1_135' title='bbox 237 1904 326 1959; x_wconf 88' lang='lat' dir='ltr'><strong>hostis</strong></span> <span class='ocrx_word' id='word_1_136' title='bbox 337 1903 445 1958; x_wconf 90' lang='lat' dir='ltr'><strong>inducit</strong></span> <span class='ocrx_word' id='word_1_137' title='bbox 457 1923 464 1971; x_wconf 91' lang='lat'>;</span> <span class='ocrx_word' id='word_1_138' title='bbox 487 1921 539 1958; x_wconf 90' lang='lat' dir='ltr'><strong>eos</strong></span> <span class='ocrx_word' id='word_1_139' title='bbox 550 1905 729 1976; x_wconf 83' lang='lat' dir='ltr'><strong>perturbatus</strong></span> <span class='ocrx_word' id='word_1_140' title='bbox 740 1911 824 1975; x_wconf 89' lang='lat' dir='ltr'><strong>atque</strong></span> <span class='ocrx_word' id='word_1_141' title='bbox 840 1903 913 1958; x_wconf 85' lang='lat' dir='ltr'><strong>alios</strong></span> <span class='ocrx_word' id='word_1_142' title='bbox 923 1901 990 1957; x_wconf 85' lang='lat' dir='ltr'><strong>alibi</strong></span> 
     </span>
     <span class='ocr_line' id='line_1_19' title="bbox 11 1995 991 2073; baseline -0.002 -20"><span class='ocrx_word' id='word_1_143' title='bbox 11 2061 13 2073; x_wconf 49' lang='lat'><strong>,</strong></span> <span class='ocrx_word' id='word_1_144' title='bbox 76 1998 240 2055; x_wconf 83' lang='lat' dir='ltr'><strong>resistentes</strong></span> <span class='ocrx_word' id='word_1_145' title='bbox 254 1996 409 2065; x_wconf 81' lang='lat' dir='ltr'><strong>interficit3</strong></span> <span class='ocrx_word' id='word_1_146' title='bbox 432 1995 535 2053; x_wconf 89' lang='lat' dir='ltr'><strong>deinde</strong></span> <span class='ocrx_word' id='word_1_147' title='bbox 557 1997 699 2068; x_wconf 84' lang='lat' dir='ltr'><strong>utrimque</strong></span> <span class='ocrx_word' id='word_1_148' title='bbox 720 2015 758 2051; x_wconf 82' lang='lat' dir='ltr'><strong>ex</strong></span> <span class='ocrx_word' id='word_1_149' title='bbox 781 1995 919 2051; x_wconf 89' lang='lat' dir='ltr'><strong>lateribus</strong></span> <span class='ocrx_word' id='word_1_150' title='bbox 941 1995 991 2051; x_wconf 86' lang='lat' dir='ltr'><strong>ad-</strong></span> 
     </span>
     <span class='ocr_line' id='line_1_20' title="bbox 11 2080 1010 2171; baseline -0.006 -22"><span class='ocrx_word' id='word_1_151' title='bbox 11 2080 13 2094; x_wconf 53' lang='lat'><strong>,</strong></span> <span class='ocrx_word' id='word_1_152' title='bbox 78 2092 211 2171; x_wconf 82' lang='lat' dir='ltr'><strong>greditur.</strong></span> <span class='ocrx_word' id='word_1_153' title='bbox 254 2092 378 2147; x_wconf 90' lang='lat' dir='ltr'><strong>Manlius</strong></span> <span class='ocrx_word' id='word_1_154' title='bbox 402 2100 430 2147; x_wconf 87' lang='lat' dir='ltr'><strong>et</strong></span> <span class='ocrx_word' id='word_1_155' title='bbox 445 2090 624 2146; x_wconf 86' lang='lat' dir='ltr'><strong>Faesulanus</strong></span> <span class='ocrx_word' id='word_1_156' title='bbox 639 2090 689 2145; x_wconf 88' lang='lat' dir='ltr'><strong>¹¹in</strong></span> <span class='ocrx_word' id='word_1_157' title='bbox 709 2089 809 2163; x_wconf 89' lang='lat' dir='ltr'><strong>primis</strong></span> <span class='ocrx_word' id='word_1_158' title='bbox 829 2094 1010 2162; x_wconf 76' lang='lat' dir='ltr'><strong>pugnantes</strong></span> 
     </span>
     <span class='ocr_line' id='line_1_21' title="bbox 14 2182 991 2259; baseline -0.004 -18"><span class='ocrx_word' id='word_1_159' title='bbox 14 2197 18 2212; x_wconf 87' lang='lat'><strong>¹</strong></span> <span class='ocrx_word' id='word_1_160' title='bbox 79 2187 188 2243; x_wconf 89' lang='lat' dir='ltr'><strong>cadunt.</strong></span> <span class='ocrx_word' id='word_1_161' title='bbox 222 2186 376 2259; x_wconf 91' lang='lat' dir='ltr'><strong>Postquam</strong></span> <span class='ocrx_word' id='word_1_162' title='bbox 394 2184 474 2240; x_wconf 87' lang='lat' dir='ltr'><strong>fusas</strong></span> <span class='ocrx_word' id='word_1_163' title='bbox 485 2184 595 2257; x_wconf 83' lang='lat' dir='ltr'><strong>copias,</strong></span> <span class='ocrx_word' id='word_1_164' title='bbox 609 2202 697 2256; x_wconf 84' lang='lat' dir='ltr'><strong>seque</strong></span> <span class='ocrx_word' id='word_1_165' title='bbox 713 2202 779 2238; x_wconf 91' lang='lat' dir='ltr'><strong>cum</strong></span> <span class='ocrx_word' id='word_1_166' title='bbox 794 2183 894 2256; x_wconf 83' lang='lat' dir='ltr'><strong>paucis</strong></span> <span class='ocrx_word' id='word_1_167' title='bbox 907 2182 991 2238; x_wconf 89' lang='lat' dir='ltr'><strong>relic·</strong></span> 
     </span>
     <span class='ocr_line' id='line_1_22' title="bbox 13 2276 991 2363; baseline -0.004 -27"><span class='ocrx_word' id='word_1_168' title='bbox 13 2294 15 2363; x_wconf 25' lang='grc' dir='ltr'><strong>’ἢ</strong></span> <span class='ocrx_word' id='word_1_169' title='bbox 78 2292 133 2337; x_wconf 89' lang='lat' dir='ltr'><strong>tum</strong></span> <span class='ocrx_word' id='word_1_170' title='bbox 146 2281 226 2338; x_wconf 88' lang='lat' dir='ltr'><strong>videt</strong></span> <span class='ocrx_word' id='word_1_171' title='bbox 240 2280 375 2348; x_wconf 85' lang='lat' dir='ltr'><strong>Catilina,</strong></span> <span class='ocrx_word' id='word_1_172' title='bbox 391 2296 501 2335; x_wconf 87' lang='lat' dir='ltr'><strong>memor</strong></span> <span class='ocrx_word' id='word_1_173' title='bbox 511 2278 627 2354; x_wconf 84' lang='lat' dir='ltr'><strong>generis</strong></span> <span class='ocrx_word' id='word_1_174' title='bbox 647 2287 731 2350; x_wconf 85' lang='lat' dir='ltr'><strong>atque</strong></span> <span class='ocrx_word' id='word_1_175' title='bbox 747 2277 883 2351; x_wconf 88' lang='lat' dir='ltr'><strong>pristinae</strong></span> <span class='ocrx_word' id='word_1_176' title='bbox 900 2276 991 2352; x_wconf 86' lang='lat' dir='ltr'><strong>digni·</strong></span> 
     </span>
     <span class='ocr_line' id='line_1_23' title="bbox 14 2360 993 2449; baseline -0.004 -19"><span class='ocrx_word' id='word_1_177' title='bbox 14 2396 15 2449; x_wconf 55' lang='grc' dir='ltr'>ᾗ</span> <span class='ocrx_word' id='word_1_178' title='bbox 78 2375 148 2443; x_wconf 86' lang='lat' dir='ltr'><strong>tatis,</strong></span> <span class='ocrx_word' id='word_1_179' title='bbox 162 2374 214 2433; x_wconf 79' lang='lat' dir='ltr'><strong>¹²in</strong></span> <span class='ocrx_word' id='word_1_180' title='bbox 228 2368 463 2431; x_wconf 78' lang='lat' dir='ltr'><strong>confertissumos</strong></span> <span class='ocrx_word' id='word_1_181' title='bbox 477 2374 576 2429; x_wconf 87' lang='lat' dir='ltr'><strong>hostes</strong></span> <span class='ocrx_word' id='word_1_182' title='bbox 595 2372 726 2440; x_wconf 88' lang='lat' dir='ltr'><strong>incurrit,</strong></span> <span class='ocrx_word' id='word_1_183' title='bbox 745 2372 844 2444; x_wconf 85' lang='lat' dir='ltr'><strong>ibique</strong></span> <span class='ocrx_word' id='word_1_184' title='bbox 859 2360 993 2447; x_wconf 82' lang='lat' dir='ltr'><strong>pugnans</strong></span> 
     </span>
     <span class='ocr_line' id='line_1_24' title="bbox 14 2460 246 2525; baseline -0.004 -1"><span class='ocrx_word' id='word_1_185' title='bbox 14 2460 15 2493; x_wconf 62' lang='lat' dir='ltr'><strong>l</strong></span> <span class='ocrx_word' id='word_1_186' title='bbox 78 2463 246 2525; x_wconf 85' lang='lat' dir='ltr'><strong>confoditur.</strong></span> 
     </span>
    </p>

    <p class='ocr_par' dir='ltr' id='par_1_4' title="bbox 14 2557 998 3485">
     <span class='ocr_line' id='line_1_25' title="bbox 115 2557 990 2634; baseline -0.009 -15"><span class='ocrx_word' id='word_1_187' title='bbox 115 2561 191 2619; x_wconf 88' lang='lat' dir='ltr'>LXI.</span> <span class='ocrx_word' id='word_1_188' title='bbox 216 2561 289 2629; x_wconf 79' lang='lat' dir='ltr'><strong>Suo,</strong></span> <span class='ocrx_word' id='word_1_189' title='bbox 304 2560 436 2617; x_wconf 89' lang='lat' dir='ltr'><strong>confecto</strong></span> <span class='ocrx_word' id='word_1_190' title='bbox 450 2557 569 2634; x_wconf 87' lang='lat' dir='ltr'><strong>praelio,</strong></span> <span class='ocrx_word' id='word_1_191' title='bbox 578 2568 638 2613; x_wconf 92' lang='lat' dir='ltr'><strong>tum</strong></span> <span class='ocrx_word' id='word_1_192' title='bbox 652 2576 721 2613; x_wconf 86' lang='lat' dir='ltr'><strong>vero</strong></span> <span class='ocrx_word' id='word_1_193' title='bbox 736 2573 990 2628; x_wconf 64' lang='lat' dir='ltr'><strong>cerneres-quan-</strong></span> 
     </span>
     <span class='ocr_line' id='line_1_26' title="bbox 78 2646 992 2728; baseline -0.009 -18"><span class='ocrx_word' id='word_1_194' title='bbox 78 2666 105 2711; x_wconf 89' lang='lat' dir='ltr'><strong>ta</strong></span> <span class='ocrx_word' id='word_1_195' title='bbox 118 2657 250 2725; x_wconf 89' lang='lat' dir='ltr'><strong>audacia,</strong></span> <span class='ocrx_word' id='word_1_196' title='bbox 265 2665 427 2728; x_wconf 84' lang='lat' dir='ltr'><strong>quantaque</strong></span> <span class='ocrx_word' id='word_1_197' title='bbox 445 2652 533 2709; x_wconf 88' lang='lat' dir='ltr'><strong>animi</strong></span> <span class='ocrx_word' id='word_1_198' title='bbox 548 2650 591 2707; x_wconf 87' lang='lat' dir='ltr'><strong>vis</strong></span> <span class='ocrx_word' id='word_1_199' title='bbox 610 2650 709 2706; x_wconf 90' lang='lat' dir='ltr'><strong>fuisset</strong></span> <span class='ocrx_word' id='word_1_200' title='bbox 723 2649 752 2705; x_wconf 87' lang='lat' dir='ltr'><strong>in</strong></span> <span class='ocrx_word' id='word_1_201' title='bbox 767 2646 896 2703; x_wconf 79' lang='lat' dir='ltr'><strong>exercitu</strong></span> <span class='ocrx_word' id='word_1_202' title='bbox 912 2646 992 2702; x_wconf 87' lang='lat' dir='ltr'><strong>Cati·</strong></span> 
     </span>
     <span class='ocr_line' id='line_1_27' title="bbox 14 2734 993 2821; baseline -0.007 -17"><span class='ocrx_word' id='word_1_203' title='bbox 14 2734 15 2797; x_wconf 83' lang='lat' dir='ltr'><strong>l</strong></span> <span class='ocrx_word' id='word_1_204' title='bbox 80 2749 163 2807; x_wconf 86' lang='lat' dir='ltr'><strong>linae.</strong></span> <span class='ocrx_word' id='word_1_205' title='bbox 206 2750 285 2805; x_wconf 85' lang='lat' dir='ltr'><strong>Nam</strong></span> <span class='ocrx_word' id='word_1_206' title='bbox 297 2748 367 2816; x_wconf 86' lang='lat' dir='ltr'><strong>fere,</strong></span> <span class='ocrx_word' id='word_1_207' title='bbox 378 2767 463 2821; x_wconf 88' lang='lat' dir='ltr'><strong>quem</strong></span> <span class='ocrx_word' id='word_1_208' title='bbox 477 2746 595 2821; x_wconf 91' lang='lat' dir='ltr'><strong>quisque</strong></span> <span class='ocrx_word' id='word_1_209' title='bbox 613 2742 789 2819; x_wconf 71' lang='lat' dir='ltr'><strong>¹³pugnando</strong></span> <span class='ocrx_word' id='word_1_210' title='bbox 800 2743 895 2808; x_wconf 85' lang='lat' dir='ltr'><strong>locum</strong></span> <span class='ocrx_word' id='word_1_211' title='bbox 908 2758 993 2816; x_wconf 87' lang='lat' dir='ltr'><strong>cepe·</strong></span> 
     </span>
     <span class='ocr_line' id='line_1_28' title="bbox 14 2835 993 2914; baseline -0.008 -16"><span class='ocrx_word' id='word_1_212' title='bbox 14 2867 19 2911; x_wconf 61' lang='grc' dir='ltr'><strong>τ</strong></span> <span class='ocrx_word' id='word_1_213' title='bbox 62 2853 128 2913; x_wconf 68' lang='lat' dir='ltr'><strong>rat,</strong></span> <span class='ocrx_word' id='word_1_214' title='bbox 143 2844 339 2914; x_wconf 85' lang='lat' dir='ltr'><strong>eum,·amissa</strong></span> <span class='ocrx_word' id='word_1_215' title='bbox 350 2843 456 2910; x_wconf 88' lang='lat' dir='ltr'><strong>anima,</strong></span> <span class='ocrx_word' id='word_1_216' title='bbox 478 2858 599 2913; x_wconf 87' lang='lat' dir='ltr'><strong>corpore</strong></span> <span class='ocrx_word' id='word_1_217' title='bbox 614 2841 740 2914; x_wconf 87' lang='lat' dir='ltr'><strong>tegebat.</strong></span> <span class='ocrx_word' id='word_1_218' title='bbox 781 2835 873 2894; x_wconf 87' lang='lat' dir='ltr'><strong>Pauci</strong></span> <span class='ocrx_word' id='word_1_219' title='bbox 888 2844 993 2903; x_wconf 87' lang='lat' dir='ltr'><strong>autem,</strong></span> 
     </span>
     <span class='ocr_line' id='line_1_29' title="bbox 81 2928 995 3011; baseline -0.01 -17"><span class='ocrx_word' id='word_1_220' title='bbox 81 2935 280 3011; x_wconf 63' lang='lat' dir='ltr'><strong>¹⁴quos‘cohors</strong></span> <span class='ocrx_word' id='word_1_221' title='bbox 295 2936 440 3011; x_wconf 88' lang='lat' dir='ltr'><strong>praetoria</strong></span> <span class='ocrx_word' id='word_1_222' title='bbox 461 2934 627 3008; x_wconf 86' lang='lat' dir='ltr'><strong>disjecerat,</strong></span> <span class='ocrx_word' id='word_1_223' title='bbox 648 2933 764 3007; x_wconf 70' lang='lat' dir='ltr'><strong>¹⁵paullo</strong></span> <span class='ocrx_word' id='word_1_224' title='bbox 779 2930 928 2999; x_wconf 86' lang='lat' dir='ltr'><strong>diversius,</strong></span> <span class='ocrx_word' id='word_1_225' title='bbox 943 2928 995 2985; x_wconf 90' lang='lat' dir='ltr'><strong>sed</strong></span> 
     </span>
     <span class='ocr_line' id='line_1_30' title="bbox 81 3024 997 3089; baseline -0.005 -5"><span class='ocrx_word' id='word_1_226' title='bbox 81 3047 176 3089; x_wconf 90' lang='lat' dir='ltr'><strong>omnes</strong></span> <span class='ocrx_word' id='word_1_227' title='bbox 190 3043 288 3089; x_wconf 83' lang='lat' dir='ltr'><strong>tamen</strong></span> <span class='ocrx_word' id='word_1_228' title='bbox 300 3030 449 3087; x_wconf 76' lang='lat' dir='ltr'><strong>¹⁶adversis</strong></span> <span class='ocrx_word' id='word_1_229' title='bbox 460 3026 623 3085; x_wconf 88' lang='lat' dir='ltr'><strong>volneribus</strong></span> <span class='ocrx_word' id='word_1_230' title='bbox 633 3026 832 3082; x_wconf 83' lang='lat' dir='ltr'><strong>conciderant.</strong></span> <span class='ocrx_word' id='word_1_231' title='bbox 870 3024 997 3081; x_wconf 87' lang='lat' dir='ltr'><strong>Catilina</strong></span> 
     </span>
     <span class='ocr_line' id='line_1_31' title="bbox 81 3119 995 3203; baseline -0.003 -25"><span class='ocrx_word' id='word_1_232' title='bbox 81 3141 145 3185; x_wconf 83' lang='lat' dir='ltr'><strong>vero</strong></span> <span class='ocrx_word' id='word_1_233' title='bbox 159 3128 246 3203; x_wconf 83' lang='lat' dir='ltr'><strong>longe</strong></span> <span class='ocrx_word' id='word_1_234' title='bbox 262 3146 280 3182; x_wconf 87' lang='lat' dir='ltr'><strong>a</strong></span> <span class='ocrx_word' id='word_1_235' title='bbox 300 3124 359 3181; x_wconf 89' lang='lat' dir='ltr'><strong>suis</strong></span> <span class='ocrx_word' id='word_1_236' title='bbox 382 3125 457 3181; x_wconf 88' lang='lat' dir='ltr'><strong>inter</strong></span> <span class='ocrx_word' id='word_1_237' title='bbox 481 3122 606 3179; x_wconf 90' lang='lat' dir='ltr'><strong>hostium</strong></span> <span class='ocrx_word' id='word_1_238' title='bbox 628 3119 773 3176; x_wconf 83' lang='lat' dir='ltr'><strong>cadavera</strong></span> <span class='ocrx_word' id='word_1_239' title='bbox 796 3129 929 3194; x_wconf 85' lang='lat' dir='ltr'><strong>repertus</strong></span> <span class='ocrx_word' id='word_1_240' title='bbox 941 3128 995 3188; x_wconf 85' lang='lat' dir='ltr'><strong>est,</strong></span> 
     </span>
     <span class='ocr_line' id='line_1_32' title="bbox 14 3214 996 3292; baseline -0.007 -15"><span class='ocrx_word' id='word_1_241' title='bbox 14 3238 15 3243; x_wconf 51' lang='lat'>¹</span> <span class='ocrx_word' id='word_1_242' title='bbox 81 3221 235 3290; x_wconf 80' lang='lat' dir='ltr'><strong>paullulum</strong></span> <span class='ocrx_word' id='word_1_243' title='bbox 247 3221 334 3277; x_wconf 85' lang='lat' dir='ltr'><strong>etiam</strong></span> <span class='ocrx_word' id='word_1_244' title='bbox 346 3219 468 3292; x_wconf 84' lang='lat' dir='ltr'><strong>spirans,</strong></span> <span class='ocrx_word' id='word_1_245' title='bbox 478 3216 675 3289; x_wconf 86' lang='lat' dir='ltr'><strong>ferociamque</strong></span> <span class='ocrx_word' id='word_1_246' title='bbox 685 3214 783 3284; x_wconf 88' lang='lat' dir='ltr'><strong>animi,</strong></span> <span class='ocrx_word' id='word_1_247' title='bbox 795 3232 880 3289; x_wconf 84' lang='lat' dir='ltr'><strong>quum</strong></span> <span class='ocrx_word' id='word_1_248' title='bbox 888 3214 996 3271; x_wconf 87' lang='lat' dir='ltr'><strong>habue·</strong></span> 
     </span>
     <span class='ocr_line' id='line_1_33' title="bbox 14 3308 996 3384; baseline -0.007 -14"><span class='ocrx_word' id='word_1_249' title='bbox 14 3337 18 3384; x_wconf 71' lang='grc' dir='ltr'>ς</span> <span class='ocrx_word' id='word_1_250' title='bbox 82 3322 123 3369; x_wconf 80' lang='lat' dir='ltr'><strong>rat</strong></span> <span class='ocrx_word' id='word_1_251' title='bbox 136 3315 227 3384; x_wconf 84' lang='lat' dir='ltr'><strong>vivus,</strong></span> <span class='ocrx_word' id='word_1_252' title='bbox 242 3315 272 3371; x_wconf 88' lang='lat' dir='ltr'><strong>in</strong></span> <span class='ocrx_word' id='word_1_253' title='bbox 286 3315 363 3371; x_wconf 89' lang='lat' dir='ltr'><strong>voltu</strong></span> <span class='ocrx_word' id='word_1_254' title='bbox 378 3312 517 3369; x_wconf 87' lang='lat' dir='ltr'><strong>retinens.</strong></span> <span class='ocrx_word' id='word_1_255' title='bbox 559 3310 717 3379; x_wconf 84' lang='lat' dir='ltr'><strong>Postremo,</strong></span> <span class='ocrx_word' id='word_1_256' title='bbox 746 3329 790 3367; x_wconf 87' lang='lat' dir='ltr'><strong>ex·</strong></span> <span class='ocrx_word' id='word_1_257' title='bbox 802 3308 879 3366; x_wconf 90' lang='lat' dir='ltr'><strong>omni</strong></span> <span class='ocrx_word' id='word_1_258' title='bbox 903 3308 996 3381; x_wconf 84' lang='lat' dir='ltr'><strong>copia,</strong></span> 
     </span>
     <span class='ocr_line' id='line_1_34' title="bbox 81 3403 998 3485; baseline -0.01 -19"><span class='ocrx_word' id='word_1_259' title='bbox 81 3408 212 3483; x_wconf 75' lang='lat' dir='ltr'><strong>usquein</strong></span> <span class='ocrx_word' id='word_1_260' title='bbox 222 3409 343 3485; x_wconf 86' lang='lat' dir='ltr'><strong>praelio,</strong></span> <span class='ocrx_word' id='word_1_261' title='bbox 357 3425 451 3481; x_wconf 88' lang='lat' dir='ltr'><strong>neque</strong></span> <span class='ocrx_word' id='word_1_262' title='bbox 464 3403 584 3481; x_wconf 86' lang='lat' dir='ltr'><strong>infuga,</strong></span> <span class='ocrx_word' id='word_1_263' title='bbox 594 3404 844 3480; x_wconf 82' lang='lat' dir='ltr'><strong>quisquam¹⁷civis</strong></span> <span class='ocrx_word' id='word_1_264' title='bbox 854 3403 998 3477; x_wconf 75' lang='lat' dir='ltr'><strong>ingenuus</strong></span> 
     </span>
    </p>
   </div>
   <div class='ocr_carea' id='block_1_3' title="bbox 0 0 1143 4050">
    <p class='ocr_par' dir='ltr' id='par_1_5' title="bbox 0 0 1143 4050">
     <span class='ocr_line' id='line_1_35' title="bbox 0 0 1143 4050; baseline 0 0"><span class='ocrx_word' id='word_1_265' title='bbox 0 0 1143 4050; x_wconf 95' lang='lat' dir='ltr'><strong> </strong></span> 
     </span>
    </p>
   </div>
  </div>
 </body>
</html>
