2259 4050
347 262 514 353 Sinum
525 294 704 365 duodenus.
851 356 854 361 ,
925 294 982 353 lit
1074 304 1078 316 ⁴

64 446 157 509 terius
170 445 294 505 Romani
304 446 424 517 instare,
432 448 566 517 fundere,
578 467 613 505 ae
623 449 776 521 plerosque
784 450 981 510 tantummodo

58 526 203 609 *sauciare
216 542 285 599 dein
298 560 386 617 super
395 544 558 600 occisorum
572 560 695 615 eorporu
706 542 822 608 vadere,
835 541 911 597 uvidi
920 542 980 617 glo.

62 636 124 691 riae
137 644 279 691 certantes
292 654 406 693 murum
414 650 535 710 petere3
557 653 651 708 nequo
666 654 840 708 quemquam
851 635 980 694 omnium

63 728 292 802 pmedumoruri.
335 729 386 785 sto
406 730 481 786 forte
500 740 634 785 correcto
648 729 733 785 Marii
747 729 904 796 temeritas,
919 730 979 803 glo

63 821 135 878 rium
148 839 184 885 ex
198 822 305 894 culpu'
297 823 416 880 invenit.

89 893 191 970 XCV.
208 913 369 984 Curuuuir,
383 916 451 972 dum
462 935 499 972 ea
512 934 560 971 res
575 916 692 991 geritur,
703 903 738 972 L.
753 869 833 971 Sulls
846 924 979 988 quaestor

63 1026 129 1064 cum
140 1025 245 1084 magno
259 1007 389 1080 equitatu
398 1007 427 1062 in
437 1015 535 1063 comm
547 1009 672 1077 venit3¹
675 1006 745 1081 quos
760 1009 798 1063 uti
808 1026 845 1063 ex
857 1008 941 1066 Latio
951 1018 979 1065 et

64 1121 82 1157 u
95 1100 178 1157 sociis
188 1109 319 1175 cogeret,
331 1100 442 1159 Romae
453 1102 573 1157 relictus
583 1108 656 1155 erut.
689 1101 757 1167 Sed,
766 1102 900 1172 quonium
908 1103 978 1160 tuuti
1036 1087 1043 1104 s

63 1195 115 1251 viri
128 1213 174 1249 res
187 1192 344 1276 admonuit,
358 1193 492 1249 idoneum
519 1194 612 1249 visum
639 1202 692 1260 est,
718 1192 753 1248 de
768 1203 871 1249 nutura
890 1195 978 1253 cultu-
1065 1229 1067 1233 -

64 1307 118 1363 que
132 1288 194 1361 ejus
208 1287 309 1361 paucis
319 1286 417 1343 dicere
434 1307 442 1343 ι
463 1306 557 1360 neque
580 1286 669 1343 enim.
680 1287 737 1343 alio
750 1285 815 1343 loeo
829 1288 864 1343 de
880 1288 978 1345 Sullae
1002 1284 1008 1289 ’

63 1382 146 1439 rebus
159 1380 261 1437 dicturi
282 1398 398 1449 sumus;
420 1390 449 1436 et
472 1381 508 1437 L.
524 1381 669 1448 ²Sisenna,
684 1390 798 1454 optume
816 1389 845 1436 et
858 1382 978 1457 diligen·
1072 1420 1074 1425 -

62 1475 177 1531 tissume
189 1474 316 1530 omnium
338 1474 387 1547 qui
410 1493 462 1530 eus
485 1492 533 1530 res
547 1474 646 1530 dixere
670 1483 848 1547 persecutus,
873 1493 975 1547 parum
1017 1485 1022 1505 ¹

63 1570 129 1626 mihi
142 1570 234 1629 libero
248 1586 299 1625 ore
310 1570 421 1625 locutus
429 1568 550 1625 videtur.
593 1566 683 1641 Igitur
695 1567 774 1622 Sulla
786 1567 880 1640 gentis
891 1568 977 1639 petri-

63 1663 136 1731 ciae,
147 1662 257 1719 familie
268 1681 356 1738 prope
366 1662 429 1735 jum
436 1658 578 1717 exstincti
588 1660 729 1732 majmum
739 1659 864 1735 ignavia,
876 1660 978 1717 litteris

62 1758 183 1814 Graecis
207 1766 291 1829 atque
306 1755 418 1812 Latinis
437 1756 520 1830 juxte
543 1765 628 1827 utque
653 1754 826 1810 doctissume
841 1754 977 1823 eruditus,

62 1852 155 1907 animo
169 1849 289 1926 ingenti,
303 1850 423 1922 eupidus
437 1851 627 1923 voluptatum,
639 1849 690 1904 sed
704 1849 813 1923 gloriae
830 1849 976 1921 cupidior:

38 2003 41 2008 .
60 1944 303 2013 ³0ti01uxuri0203
324 1953 421 2000 temen
436 1945 472 1999 ab
482 1943 606 2019 negotiis
621 1962 775 2015 numquam
790 1943 919 2015 voluptas
933 1960 977 1999 ro·

60 2039 257 2107 moretu,⁴nisi
271 2039 346 2112 quod
362 2039 399 2094 de
412 2057 502 2095 uxore
516 2038 606 2112 potuit
622 2037 768 2092 honestius
785 2036 915 2091 consuli:
937 2036 977 2092 sa·-

11 2116 12 2165 l
61 2116 179 2201 enudus,
184 2134 318 2204 eallidus,
329 2143 358 2189 et
367 2132 505 2188 ⁵amioitia
513 2131 623 2199 lucilis3
638 2130 685 2185 ⁶ud
695 2129 981 2204 simulandanegotiu

60 2228 179 2286 altitudo
188 2227 297 2303 ingenii
308 2221 502 2283 incredibilis:
516 2225 671 2280 multarum
681 2242 787 2291 rerum,
799 2241 834 2278 uc
845 2240 977 2279 maxumo

59 2322 203 2396 pecuniae
215 2321 342 2396 largitor.
384 2321 479 2393 Atque
493 2319 677 2376 felicissumo¹
683 2317 809 2374 omnium
818 2317 895 2373 ⁷ante
910 2316 978 2373 uivi-

11 2458 12 2469 ,
58 2416 116 2472 lem
130 2415 282 2472 victorium
294 2433 449 2489 numquam
471 2431 559 2486 super
580 2412 749 2468 industrium
769 2410 882 2467 fortuna
904 2410 977 2480 fuit;

59 2510 197 2583 multique
211 2509 389 2577 dubitavere,
404 2507 519 2575 sortium·
531 2523 568 2562 un
582 2505 695 2561 felicior
705 2513 800 2560 esset:
822 2523 900 2571 nam,
914 2522 977 2578 pos.

61 2612 109 2660 teu
118 2622 194 2678 quoe
209 2602 322 2672 fecerit,
335 2602 478 2659 incertum
487 2597 592 2668 habeo,
603 2598 707 2673 pudeat
718 2597 821 2671 magis,
832 2615 869 2652 un
880 2597 990 2672 pigent.

61 2696 216 2754 disserere.

96 2790 207 2850 XCVI.
222 2791 334 2849 loiron
347 2789 437 2861 Sulla,
451 2797 483 2846 ut
496 2806 584 2862 supro
595 2787 712 2854 dietum,
723 2792 873 2860 postquem
887 2784 916 2840 in
927 2783 978 2841 Af.

60 2882 150 2944 riuum
159 2895 252 2960 etque
262 2885 293 2942 iu
307 2893 404 2942 eostre
418 2881 503 2939 Marii
518 2899 586 2938 oum
595 2880 722 2956 equitutu
736 2879 822 2948 venit,
837 2879 916 2936 rudis
929 2897 978 2936 un·

59 2986 107 3036 teu
120 2990 152 3038 ot
160 2981 279 3056 ignarus
289 2978 368 3046 belli,
378 2975 611 3034 “sollenissirmur
622 2973 754 3031 omnium
759 2973 789 3030 in
800 2974 899 3048 puuois
907 2983 980 3030 tem-

59 3074 219 3144 pestatibus
231 3073 326 3130 suetus
338 3080 394 3129 est.
415 3069 468 3126 Ad·
476 3072 542 3138 hoo,
556 3069 661 3125 milites
675 3067 801 3144 benigne
813 3067 977 3141 adpellunt

51 3167 155 3226 multis
169 3167 348 3244 rogantibus,
359 3164 423 3223 aliis
436 3183 490 3240 per
500 3182 534 3220 se
548 3163 611 3238 ipse
625 3161 695 3218 dere
709 3161 864 3230 beneficia,
874 3161 980 3219 invitus

11 3314 12 3319 ,
60 3259 212 3335 neopum:
233 3260 337 3318 sedeo
347 3257 556 3334 properantius,
580 3274 667 3330 quum
685 3273 744 3312 -ues
766 3264 893 3312 mutuum
916 3239 996 3312 seu!

60 3348 148 3423 dere,
169 3355 234 3429 ipse
248 3355 286 3411 nb
299 3352 378 3411 nullo
391 3361 543 3427 repetere,
562 3350 659 3426 magis
682 3348 711 3406 id
721 3349 865 3416 laborare,
880 3357 915 3404 ut
938 3345 980 3404 illi

59 3448 274 3523 quamplurimi
284 3447 442 3504 deberemr
459 3445 531 3520 joca
540 3454 626 3518 utque
640 3443 718 3500 serie
727 3459 793 3499 oum
805 3439 990 3498 humillumis⁴
