2259 4050
382 295 730 372 Sannumcamm·
968 300 1007 360 a

84 449 170 539 videt,
183 449 234 508 ubi
249 450 299 510 ills
309 451 462 524 obiiciunt3
484 447 580 528 neque
590 453 741 528 quisquam
754 453 883 511 omnium
895 453 1008 514 ¹lubidi-
1049 529 1053 534 Ι

82 544 111 602 ni
138 544 223 602 simul
251 554 281 604 et
307 546 371 604 usui
392 547 495 622 paruit.
537 547 606 606 ²Ubi
618 547 776 607 intenderis
789 546 947 626 ingenium,
960 568 1019 606 ra».

81 639 139 696 let:
161 639 186 695 si
200 640 297 697 lubido
312 641 449 726 possidet,
470 660 507 699 ea
517 641 689 712 dominatur,
704 643 817 700 animus
831 642 903 700 nihil
917 643 1004 699 valet.

81 733 194 812 Magna
216 734 286 790 mihi
308 735 392 810 copia
416 737 605 806 memorandi,
632 738 665 794 P.
690 737 727 794 C.
751 737 799 812 qui
812 748 901 812 reges
913 735 1009 810 ³utque

73 827 189 919 populi,
207 828 248 884 ira
285 837 334 884 aut
348 829 402 885 mis
439 830 547 887 'cordia
558 831 682 905 impulsi,
696 832 773 888 mule
788 830 1009 888 consuluerint:

64 922 133 1028 ised
157 940 194 978 ea
221 922 298 1000 mglo
312 849 524 1024 dcerdssquae
549 925 675 997 majores
699 923 798 992 nostri,
812 923 1010 981 *contralubi-

81 1015 181 1072 dinem
203 1015 300 1085 animi,
327 1027 409 1074 recte
432 1026 517 1090 atque
532 1017 633 1074 ordine
648 1017 759 1074 secere.
800 1018 895 1075 ⁵Bello
909 1018 1010 1075 Mace·

80 1110 196 1178 donico,
211 1111 286 1183 quod
301 1129 366 1166 cum
381 1129 452 1186 rege
467 1111 556 1166 Perse
570 1111 724 1186 gessimus,
734 1110 927 1170 ⁴'Rhodionrm
940 1111 1009 1169 civi·

80 1215 134 1272 tae,
150 1223 260 1280 magua
274 1213 359 1278 atque
375 1203 544 1280 magnifica,
564 1223 639 1278 quae
654 1204 751 1280 populi
763 1203 888 1262 Romani
898 1206 1010 1281 'opibus
1028 1242 1031 1248 ·

81 1311 225 1367 creverat,
242 1298 332 1355 infida
346 1306 432 1372 atque
448 1298 571 1356 advorsa
585 1299 668 1356 nobis
684 1299 761 1356 fuit:
782 1299 836 1356 sed
850 1309 1010 1375 postquam,

81 1395 157 1451 bello
181 1393 324 1461 confecto,
354 1393 389 1449 de
401 1392 523 1450 Rhodiis
538 1396 703 1451 consultum
717 1404 771 1463 est,
794 1395 922 1468 majores
945 1415 1011 1452 nos·

79 1489 122 1558 tri,
138 1487 253 1562 nequis
268 1487 429 1546 divitiarum
439 1488 543 1564 magis,
557 1507 644 1562 quam
667 1489 791 1562 injuriae
816 1507 931 1557 caussa,
950 1489 1011 1546 bel·

81 1584 139 1640 lum
154 1584 302 1657 inceptum
317 1582 437 1651 diceret,
461 1582 627 1658 uimpunitos
651 1581 798 1638 dimisere.
840 1579 914 1639 Item
927 1582 1012 1639 bellis

13 1747 14 1754 ἵ
81 1677 200 1736 Punicis
211 1677 352 1746 omnibus,
364 1695 431 1734 cum
442 1696 530 1751 saepe
541 1676 802 1754 Carthaginienses
813 1676 880 1734 etin
890 1696 973 1752 pace,
983 1689 1013 1736 et

80 1772 143 1847 'per
158 1772 300 1840 induciae,
320 1772 410 1828 multa
423 1771 536 1830 nefaria
548 1771 680 1829 facinora
691 1771 840 1841 fecissent,
855 1792 1011 1847 numquam

82 1868 134 1942 ipsi
151 1867 227 1941 ¹⁰per
239 1863 426 1923 occasionem
436 1867 507 1923 talia
519 1866 634 1923 fecere:
657 1867 760 1943 magis,
771 1867 839 1942 quid
850 1887 882 1924 se
894 1849 1012 1944 dignum

82 1960 166 2032 soret,
192 1953 287 2036 quarn*
303 1961 369 2036 quid
394 1961 443 2017 ¹¹in
457 1961 514 2018 illis
530 1961 596 2037 jure
612 1962 675 2019 fiori
690 1973 798 2037 posset,
815 1965 1011 2038 quaerebant.

14 2102 15 2109 ,
83 2056 150 2115 Hoc
161 2057 240 2113 idern
251 2057 457 2132 providendum
471 2066 524 2125 est,
549 2057 651 2113 Patres
673 2056 839 2132 conscripti,
863 2056 921 2113 ¹2ne
949 2057 1014 2131 plus

83 2154 181 2210 valeat
192 2152 267 2226 apud
278 2168 328 2208 vos
339 2151 371 2207 P.
385 2151 503 2208 Lentuli
514 2160 544 2207 et
554 2160 720 2207 ceterorum
733 2150 841 2220 scelus,
852 2170 939 2224 quam
949 2170 1012 2209 ves-

83 2258 126 2305 tra
151 2247 298 2323 dignitas;
320 2264 377 2303 neu
400 2246 493 2321 magis
520 2246 593 2315 irae,
618 2246 823 2321 quamfamac,
844 2247 1013 2305 consulatis.

84 2343 162 2401 Nam
177 2342 202 2398 si
214 2342 302 2417 digna
316 2360 411 2417 poena
425 2339 475 2415 pro
489 2332 575 2399 factis
587 2361 687 2400 eorum
708 2342 860 2416 reperitur,
888 2341 1013 2398 ¹³novum

84 2437 239 2495 consilium
254 2437 398 2512 adprobo:
420 2436 465 2492 sin
479 2436 645 2512 magnitudo
664 2437 786 2494 sceleris
810 2436 958 2494 ”omnium
972 2436 1015 2492 in-
1035 2424 1040 2432 ⁸

86 2534 173 2609 genia
189 2540 352 2606 exsuperat,
364 2531 420 2588 ¹⁵iis
435 2530 574 2587 utendum
588 2549 708 2597 censeo,
722 2550 797 2602 quae
809 2530 922 2605 legibus
936 2548 1015 2587 com.

85 2637 186 2701 parata
210 2634 316 2715 sunta?
325 2625 461 2699 Plerique
482 2643 593 2692 eorum,
620 2624 668 2697 qui
696 2632 763 2679 ante
787 2641 834 2679 me
856 2624 1016 2679 sententias

86 2722 230 2789 dixerunt,
242 2718 422 2796 ¹⁸cdmposite
438 2730 523 2794 atque
538 2718 696 2795 magnifice
705 2717 827 2774 ¹⁷casum
837 2716 1015 2792 reipublicae

86 2817 214 2873 miserati
230 2827 312 2873 sunt:
334 2834 407 2889 quae
423 2815 491 2871 belli
505 2813 636 2881 saevitia,
651 2832 725 2888 quae
739 2813 823 2871 victis
837 2812 1017 2885 acciderent,

87 2930 315 2980 enumeravere3
338 2911 435 2967 divelli
450 2909 557 2967 liberos
567 2929 586 2965 a
596 2909 757 2984 parentium
766 2910 935 2985 complexu3
957 2927 1016 2967 ma·

87 3016 146 3065 tres
160 3006 336 3063 familiarum
350 3005 419 3080 pati,
440 3023 514 3079 quae
538 3005 696 3063 victoribus
709 3004 926 3073 collibuisscut3
949 3002 1016 3061 fana

88 3111 172 3177 atque
189 3102 289 3159 domos
301 3100 474 3175 exspoliari,
497 3100 631 3175 caedem,
654 3099 791 3157 incendia
805 3099 887 3169 fieri3
909 3108 1019 3176 postre-

89 3214 147 3265 mo,
169 3196 268 3265 armis,
297 3196 498 3265 cadaveribus,
512 3214 617 3253 cruore
637 3204 721 3271 etque
735 3196 813 3253 luctu
828 3194 926 3255 omnia
939 3213 1018 3253 com·

90 3290 174 3367 pleri.
218 3291 287 3361 Sed,
302 3310 355 3366 per
368 3291 439 3349 deos
453 3291 639 3351 immortalis!
660 3291 737 3366 l“quo
756 3292 808 3349 illa
821 3291 914 3349 oratio
933 3288 1019 3365 perti-

90 3386 173 3445 nuitl
194 3406 242 3459 an,
270 3386 310 3443 uti
334 3405 386 3444 vos
400 3386 520 3445 infestos
531 3387 722 3463 conjurationi
741 3387 878 3445 faceretl
899 3382 1020 3441 Scilicet

91 3499 177 3555 quem
204 3500 253 3540 res
277 3491 358 3539 tanta
372 3491 456 3556 atque
471 3490 531 3539 tom
545 3489 628 3539 atrox
639 3500 695 3553 npn
710 3484 860 3556 permovit,
874 3493 942 3537 eum
955 3493 1019 3538 ota·

273 3567 280 3593 5
742 3594 749 3607 ι
