2259 4050
576 246 636 322 viii

139 463 222 510 men
246 438 487 510 venerandum
516 434 586 506 sibi
611 442 838 526 comparant,
855 431 943 502 dum
969 450 1107 523 prae·

138 575 277 634 stantes
307 561 389 632 illae
418 557 753 666 pulcherrimaeque
787 556 937 627 virtutes
951 552 1108 650 palma

80 743 83 746 -
140 688 329 768 donantur,
347 707 440 777 quae
467 685 636 754 tenebras
667 682 762 753 vitae
789 681 928 752 offirsas
956 679 1110 809 discu-¹
1107 662 1109 727 l

139 827 268 916 terea
270 824 355 904 tque
372 811 479 894 viam,
496 834 570 903 qua
587 809 624 879 in
641 820 829 878 aeternam
844 818 908 900 pat
910 806 1001 878 riam
1018 828 1071 874 as-

142 938 262 1008 cendit
248 949 315 1021 tur,
333 937 433 1006 clara
448 936 529 1006 luce
547 959 614 1006 sua
630 934 828 1022 faciliorem
846 932 999 1002 reddere
1015 953 1071 1000 va·
1111 960 1112 1001 ι

140 1063 273 1146 lebunt‚
292 1062 370 1154 quis
389 1062 456 1131 erit
473 1061 533 1154 qui
561 1084 634 1131 non
655 1061 708 1131 tui
732 1084 816 1131 cum
833 1060 1013 1131 charitate
1038 1068 1072 1127 et

139 1182 391 1259 benevolentia
409 1185 702 1257 recordationem
719 1184 965 1279 gratissimam
977 1206 1073 1255 usur·
1113 1174 1115 1249 ἰ

50 1316 52 1320 ’
140 1312 231 1407 pet?
266 1311 413 1380 Altioris
432 1310 619 1406 doctrinae
637 1310 871 1380 fundamenta
889 1309 1073 1405 tuselicis·
1115 1336 1116 1359 ι

141 1438 231 1508 sime
241 1436 374 1531 jecisti,
387 1435 619 1507 fundamenta
634 1435 737 1530 jacta
754 1438 975 1510 auctoritate
992 1459 1073 1508 con-

141 1562 297 1632 firmans.
348 1560 497 1631 Utinam
512 1562 710 1658 μακαςίιαέ
737 1561 859 1655 plures
876 1565 930 1640 tui
943 1563 1073 1634 similes
1118 1620 1119 1623 ,

143 1700 246 1759 aetas
260 1699 384 1756 nostra
398 1687 650 1757 dinumeraret.
677 1687 874 1760 Utinamin
886 1688 959 1760 hac
969 1701 1074 1768 terra,
1119 1712 1120 1741 ι

142 1813 203 1884 ubi
220 1811 336 1881 inanis
353 1809 554 1904 jactantiae
572 1811 729 1904 undique
747 1824 951 1908 “tympana
973 1816 1074 1886 rebo·
1120 1806 1121 1841 ¹

143 1939 238 2022 ant‚'’
249 1936 524 2029 levissimaeque
538 1936 772 2008 multitudinis
783 1939 949 2032 plausum
965 1964 1074 2036 nuga·

144 2079 242 2136 tores
260 2060 495 2168 nugacissimi
513 2063 709 2157 accipiunt,
723 2065 917 2147 'exoriatur
938 2066 1075 2161 aliquia,

145 2188 205 2281 qui
230 2199 396 2256 veterem·
417 2187 642 2278 eandemque
668 2186 892 2258 verissimam
922 2191 1074 2285 discipli-

145 2335 214 2381 nae
233 2334 397 2381 normam
411 2311 641 2403 popularibus
655 2312 861 2397 ostendeus,
875 2339 1075 2393 scurrarum

145 2439 219 2509 risu
236 2438 416 2522 immotus,
435 2438 479 2508 de
502 2437 710 2564 opinionum
731 2441 945 2513 commentis
959 2442 1075 2515 trium·

147 2562 242 2659 phet
244 2608 343 2622 --

197 2758 305 2828 Haec
319 2781 401 2850 ego,
412 2756 570 2849 dictique
583 2783 652 2829 nec
663 2761 824 2853 poenitet
837 2786 905 2832 nec
923 2786 1077 2857 unquam

149 2881 580 2981 poenitebit—Manibus
598 2886 662 2954 viri
686 2887 898 2973 doctissimi,
915 2902 955 2962 ut
971 2881 1078 2960 fa‘cul-

148 3024 206 3084 tas
223 3012 313 3093 tulit,
331 3010 493 3098 expiatis,
512 3005 547 3081 in
562 3013 811 3085 concinnanda
830 3016 901 3087 hac
924 3006 1077 3089 editione

73 3214 76 3219 ,
129 3136 234 3231 1ιιιιίἀ
265 3136 403 3205 consilii
431 3137 602 3229 ceperim,
620 3150 682 3208 aut
708 3164 780 3232 qua
796 3142 936 3212 ratione
953 3144 991 3213 id
1008 3141 1079 3211 fue·
1114 3174 1124 3218 ς

149 3263 216 3335 rim
229 3276 431 3347 exsecutus,
443 3262 572 3335 lectori
585 3264 788 3339 dicendum.
826 3267 984 3342 Textum
994 3268 1078 3339 Cor·
