2259 4050
359 304 522 364 Sauream
543 284 718 366 lucernae.
755 386 758 393 Ἰ
928 316 1004 373 *11¹1

90 474 152 514 cum
165 476 218 513 eae
231 456 357 531 paullum
372 465 583 534 processerant,
612 463 682 538 igni,
704 473 758 521 'aut
782 466 924 539 lapidibus
942 468 1004 528 cora

87 552 306 642 rumpebantur3
329 551 434 607 milites
447 570 542 625 neque
564 572 616 628 pro
630 572 717 629 opere
730 548 899 627 consistere,
922 546 1009 636 prop-¹

88 652 132 698 ter
144 643 323 715 iniquitatem
337 643 403 711 loci,
418 664 512 719 neque
527 648 602 703 inter
617 648 717 705 vineas
729 652 791 706 sine
806 653 935 725 periculo
947 654 1026 715 ¹ad-.

86 735 264 792 ministrare:
285 744 418 822 optumus
432 740 552 813 quisque
566 742 683 810 eadere,
698 753 747 799 aut
761 746 904 814 sauciari,
927 757 1004 803 cete·

85 830 124 885 ris
136 838 229 883 metus
239 830 350 904 augeri.

122 920 229 977 XCIII.
245 924 293 982 Ar
308 924 426 991 Mariua,
441 926 538 981 multis
551 927 654 982 diebus
669 937 697 982 et
713 928 858 985 laboribus
871 950 1004 1004 eonsum-

83 1017 127 1083 tis‚
139 1016 239 1070 anxius
254 1017 368 1071 trahere
384 1035 450 1073 cum
461 1018 567 1087 animo,
583 1021 763 1076 omitteretne
778 1004 924 1097 inceptum
936 1045 1004 1099 quo-

83 1111 158 1165 niam
181 1109 288 1164 frustra
301 1120 373 1177 erat,
401 1130 438 1165 an
465 1112 608 1167 fortunam
628 1115 815 1187 opperiretur,
843 1136 899 1188 qua
913 1137 1002 1192 saepe

83 1222 304 1277 prospereusus.
347 1205 430 1266 Quae
445 1222 512 1260 cum
525 1207 629 1263 multos
650 1208 721 1274 dies,
745 1210 1030 1267 noctestaestuans·
1115 1242 1118 1252 -

83 1298 214 1373 agitaret,
236 1297 308 1352 forte
323 1295 437 1370 quidam
458 1298 559 1373 Ligus,
589 1318 626 1355 ex
654 1302 818 1357 cohortibus
846 1305 1004 1361 auxiliariis

82 1392 162 1447 miles
176 1391 336 1466 gregarius,
352 1392 600 1465 castrisaquatum
611 1412 756 1469 egressus,
769 1397 844 1451 haud
855 1400 955 1469 procul
964 1401 1000 1456 ab

83 1487 170 1541 latere
185 1486 306 1552 castelli,
321 1486 396 1557 quod
408 1486 553 1542 ³avorsum
568 1489 772 1560 praeliantibus
787 1500 858 1555 erat,
875 1484 1002 1548 animum

84 1580 202 1635 advortit
216 1579 291 1634 inter
304 1598 375 1634 saxa
388 1581 513 1652 repentis
523 1581 677 1636 cochleas:
697 1599 817 1652 quarum
833 1601 897 1637 cum
917 1602 1003 1639 unam

82 1682 165 1746 atque
180 1673 310 1740 alteram,
324 1673 390 1728 dein
405 1674 502 1746 plures
517 1681 637 1747 peteret,
653 1675 746 1730 studio
760 1676 877 1750 legundi
893 1678 1000 1751 paulla-

5 1830 7 1834 y
81 1766 130 1822 tim
149 1785 237 1840 prope
260 1767 297 1820 ad
310 1785 452 1821 summum
468 1768 572 1821 montis
587 1786 722 1842 egressus
737 1776 792 1824 est.
835 1770 901 1837 Ubi,
924 1782 1002 1844 post.

80 1878 165 1933 quam
178 1858 371 1914 *solitudinem
385 1860 534 1927 intellexit,
562 1862 663 1917 ⁵more'
681 1862 798 1917 humani
820 1864 937 1938 ingenii,
953 1884 1002 1922 eu.

3 1993 7 2025 2
78 1953 257 2028 pidoigara
272 1952 381 2007 visundi
396 1954 512 2009 invadit.
555 1955 594 2009 Et
610 1955 680 2010 forte
695 1956 724 2010 in
740 1975 775 2011 eo
790 1956 855 2011 loeo
881 1960 1000 2032 grandis

78 2048 136 2102 ilex
148 2042 296 2102 coaluerat
311 2047 385 2102 inter
399 2065 479 2113 sarra,
501 2049 670 2120 lpaullulum
698 2050 782 2104 modo
806 2069 906 2121 prona,
935 2053 1001 2108 dein

34 2179 39 2188 ·
78 2141 154 2197 flexa
166 2150 252 2213 etque
267 2149 351 2194 aucta
364 2141 393 2194 in
406 2141 592 2208 altitudinem,
617 2159 672 2213 quo
694 2151 799 2196 cuneta
824 2143 1001 2218 gignentium

78 2225 251 2290 natura'sert
268 2254 275 2288 :
297 2234 379 2305 cujus
393 2234 480 2289 ramis
494 2234 589 2302 modo,
614 2235 699 2290 modo
718 2235 908 2291 eminentibus
923 2238 1001 2293 saxis

6 2377 7 2380 ,
72 2317 158 2384 'nisus
174 2327 275 2402 Ligus,
289 2327 413 2383 lcastelli
438 2328 587 2401 planitiem
611 2329 782 2402 perscribit:
805 2331 877 2403 quod
905 2332 1031 2398 cuncti·

5 2456 11 2479 r
78 2421 224 2477 Numidae
235 2421 336 2475 intenti
345 2421 549 2493 praeliantibus
561 2422 690 2477 aderant.
733 2405 900 2496 Exploratis
910 2425 1000 2480 omni-

5 2482 19 2587 ‚l
76 2516 141 2584 bus,
156 2533 231 2587 quae
247 2525 313 2569 mox
327 2507 390 2569 risui
405 2515 466 2570 fore
477 2514 610 2581 ducebat,
626 2515 739 2569 ³eadem
758 2517 928 2588 regreditur,
943 2537 1000 2573 non

13 2586 18 2600 ⁸
76 2616 198 2675 temere,
214 2609 254 2662 uti
267 2609 448 2675 escenderat,
459 2608 641 2664 sed-tentans
652 2608 748 2676 omnia
759 2619 788 2662 et
803 2609 999 2682 circumspici.

77 2717 140 2757 ens.
184 2701 284 2773 Itaque
296 2701 422 2757 Marium
436 2720 557 2774 propere
575 2701 643 2769 adit,
656 2709 722 2756 aeta
733 2701 847 2768 edocet,
862 2702 1000 2771 hortatur,

77 2797 113 2850 ab
125 2814 164 2850 ea
178 2804 270 2868 parte,
284 2813 340 2867 qua
351 2795 414 2868 ipse
423 2795 605 2861 escenderat,
620 2795 772 2850 castellum
787 2802 877 2878 tentet
891 2815 897 2850 :
920 2795 1000 2869 polli-

4 2890 9 2951 ἓ
75 2898 160 2958 cetur
174 2907 240 2944 sese
254 2888 366 2944 itineris
379 2888 555 2962 periculique
566 2888 680 2944 ducem.
702 2872 705 2903 ‘
724 2888 837 2944 Marius
862 2908 927 2944 cum
951 2889 1000 2946 Li.

3 3036 5 3059 ,
59 3000 159 3055 gare,
175 2982 316 3056 promissa
339 2973 496 3056 cognitum,
524 3001 561 3037 ex
585 2983 783 3055 praesentibus
812 2983 912 3039 misit:
934 3002 1002 3055 quo·

3 3060 6 3149 Ῑ
74 3092 140 3131 rum
148 3062 190 3131 uti
204 3075 343 3150 eujusque
356 3076 504 3151 ingenium
519 3084 590 3143 erat,
605 3075 716 3130 iterem
728 3075 878 3150 difficilem
893 3086 941 3132 aut
960 3077 1002 3134 sa·
1027 3113 1031 3119 -

4 3150 6 3165 ,
74 3168 167 3225 citam
175 3170 362 3226 nunciavere.
386 3169 522 3226 Consulis
532 3170 645 3225 animus
653 3177 750 3224 tamen
759 3169 896 3242 ⁹paullum
906 3189 1002 3226 arree·

73 3267 133 3317 tus.
177 3261 327 3335 Itaqueex
341 3263 644 3337 copiatubieinumet
667 3253 857 3331 cernicinum,
880 3283 1007 3320 numere.

4 3376 6 3440 ᾗ
41 3385 45 3392 ‚
73 3355 204 3428 quinque
218 3367 305 3430 quam
318 3356 526 3425 velocissumos
539 3356 658 3432 delegit,
671 3365 700 3412 et
714 3374 780 3412 eum
792 3357 845 3424 his,
857 3356 1003 3431 praesidio

73 3447 124 3518 qui
139 3449 244 3518 forent,
258 3459 379 3522 quatuor
389 3451 591 3506 centuriones:
613 3450 706 3504 omnis
725 3448 827 3524 Liguri
847 3467 948 3522 parere
955 3448 1002 3526 ju.

4 3448 7 3635 Ι
75 3538 138 3610 bet,
149 3552 179 3599 et
192 3543 220 3600 ei
235 3552 353 3618 negotio
363 3562 533 3619 proxumum
547 3543 624 3600 diem
635 3541 792 3600 constituit.
