2259 4050
319 400 483 462 Snuusm
503 397 681 463 Iasonem.
927 404 967 467 91

49 548 152 615 ficere.
194 554 305 621 Contra
316 568 362 615 'ee
374 553 520 634 oppidani*
531 559 563 618 ia
573 578 729 635 proxumos
741 578 815 620 sexa
828 536 945 622 volvere
958 582 969 617 r

51 651 140 720 udos,
153 650 221 725 pile,
236 650 404 725 ‘praetores‘
415 653 480 728 pice
497 647 675 729 et’sulphure
698 655 815 735 taedam
839 655 970 724 mixtam,
1074 690 1079 700 ι

52 745 170 803 ardentia
183 746 309 801 mittere.
352 747 412 804 Sed
433 767 489 805 nee
512 748 586 817 illos,
615 749 663 822 qui
677 749 778 823 procul
792 759 970 817 manserant,

52 841 127 897 umor
149 840 238 897 animi
257 840 329 898 setis
349 842 533 899 muniverat:
554 862 622 899 nem
638 844 791 919 plerosque
803 845 971 920 jaculator.

52 934 154 1003 mentis,
173 946 222 991 eut
237 954 325 997 manu
338 937 449 993 emissa
463 937 673 1007 volnerabant3
696 930 816 1013 parique
832 938 970 1014 periculo,

52 1030 96 1087 md
107 1030 186 1087 sema
199 1030 313 1104 tmperi,
328 1032 395 1087 boui
411 1041 496 1106 atque
509 1032 606 1107 ignavi
623 1046 716 1089 erent.
738 1092 740 1097 ,
891 1016 895 1021 v

42 1200 44 1204 Ι
84 1123 191 1181 LVIII.
208 1124 282 1181 Dusr
294 1125 369 1199 apud
383 1126 505 1183 Zamam
515 1126 559 1181 sic
570 1124 707 1195 certetur,
716 1126 863 1202 Iugurtha
873 1145 910 1183 ex
919 1128 972 1185 im.

50 1218 156 1291 proviso
170 1231 268 1290 cestra
281 1220 408 1275 hostium
421 1238 489 1276 cum
499 1240 609 1296 magne
624 1240 710 1278 manu
725 1220 849 1291 invadit3
872 1221 972 1278 remis·
1029 1224 1034 1227 ’

23 1313 32 1321 “
48 1312 154 1387 eisqui
168 1313 198 1369 iu
212 1302 357 1387 praesidio
365 1323 458 1383 erant,
470 1326 500 1371 et
508 1316 608 1376 omnia
616 1315 719 1391 magis,
731 1334 818 1390 quem
829 1309 972 1391 praelium

48 1407 286 1483 exspectantibus,
314 1418 427 1486 portam
451 1409 592 1484 irrumpit.
635 1412 674 1468 At
697 1410 796 1479 nostri,
820 1411 973 1485 repentmo

48 1511 119 1559 metu
134 1503 272 1577 perculsi,
297 1503 353 1560 sibi
371 1503 491 1577 quisque
518 1523 569 1577 pro
584 1504 710 1559 moribus
725 1504 900 1559 consulunt:
923 1504 972 1560 elii

47 1594 155 1672 lugere,
170 1598 221 1671 alii
234 1578 317 1653 arma
327 1597 451 1671 caperer
473 1615 659 1671 magnapers
673 1596 824 1664 volnerati,
835 1605 883 1652 aut
895 1597 981 1653 occi·

45 1689 76 1746 si.
120 1690 261 1748 Ceterum
274 1710 311 1747 ex
321 1691 400 1750 omni
410 1690 589 1747 multitudine
600 1709 657 1746 non
668 1690 789 1764 amplius
800 1690 972 1767 quadragin.

43 1794 80 1853 ta,
93 1804 242 1842 memores
255 1784 380 1841 nomisis
394 1784 529 1853 Romm,
543 1802 634 1860 grege
649 1786 737 1854 sacto,
748 1786 844 1841 locum
855 1804 972 1861 cepere,

43 1879 149 1952 paullo,
163 1898 251 1953 quem
265 1879 325 1947 alii,
339 1878 510 1936 editiorem:
531 1898 627 1952 neque
642 1880 709 1937 inde
724 1898 861 1937 maxume
881 1882 908 1938 vi
923 1882 975 1939 de·

42 1974 108 2047 pelli
122 1971 277 2049 quiverunt
288 1994 300 2056 ²,
317 1974 370 2031 sed
390 1974 450 2031 tela
462 1972 687 2032 eminus'misse·
702 1974 860 2043 remittere,
875 1975 971 2050 ²pnuei

44 2067 74 2123 in
95 2058 336 2143 pluribue'mirlus
349 2069 494 2126 frustrati:
516 2070 561 2124 sin
576 2068 721 2124 Numidae
744 2068 861 2142 propius
872 2087 974 2126 acces.

42 2163 160 2232 sissent,
178 2164 225 2221 -ibi
254 2182 324 2221 vero
350 2163 483 2220 virtutem
511 2162 677 2231 ostendere,
692 2170 721 2217 et
732 2179 784 2218 eos
795 2181 931 2220 maxuma
945 2164 973 2221 vi

43 2258 182 2327 caedere,
198 2258 318 2314 sundere
347 2265 432 2331 etque
455 2257 570 2333 fugare.
613 2256 732 2314 Interim
747 2247 894 2328 Metellus,
907 2276 974 2316 curn

45 2370 198 2410 acernrme
223 2372 285 2409 rem
306 2361 433 2428 gereret,
456 2353 615 2408 clamorem
630 2351 763 2409 hostilem
778 2355 814 2408 ab
828 2364 911 2430 tergo
925 2373 974 2412 sc-

45 2447 142 2522 cepit:
164 2447 242 2515 dein,
257 2465 399 2504 converso
410 2465 495 2520 equo,
521 2447 733 2515 animadvortit,
760 2447 860 2523 sugam
879 2447 926 2504 ³ad
941 2467 973 2506 se

46 2557 161 2598 vorsum
176 2541 258 2609 fieri3
271 2559 354 2615 quae
369 2559 418 2598 res
431 2540 578 2596 indicabat
591 2529 748 2614 ⁴populeris
762 2559 839 2596 esse.
882 2541 975 2616 Igitur

48 2637 205 2709 equitatum
218 2655 335 2692 omnem
346 2636 384 2691 ad
396 2644 496 2691 eastra
517 2652 639 2708 propere
654 2633 748 2701 mittit,
769 2635 920 2689 aestatim
936 2635 972 2691 C.

49 2726 172 2788 Marium
186 2749 254 2787 cum
274 2730 441 2787 cohortibus
455 2729 621 2798 sociorum3
644 2744 777 2801 eumque,
799 2728 974 2800 lacrumans,

51 2841 97 2895 per
120 2825 282 2882 amicitiam
303 2841 418 2898 perque
442 2823 652 2897 rempublicam
679 2810 824 2892 obsecrat,
836 2841 873 2878 ne
888 2841 975 2898 quam

51 2919 252 2976 contumeliam
275 2937 429 2975 remanere
451 2902 626 2975 in'exercitu
654 2917 773 2986 victore,
796 2936 870 2975 neve
885 2919 977 2976 hostis

52 3009 152 3071 inultos
166 3013 248 3094 abire
261 3012 338 3069 sinet
352 3032 360 3068 r
381 3011 431 3069 ille
445 3012 526 3068 brevi
536 3011 674 3071 mandata
685 3011 784 3068 efficit.
819 3012 858 3069 At
868 3013 977 3090 Jugur-

52 3104 96 3163 tn
107 3108 290 3166 munimento
305 3116 467 3164 castrorum
488 3106 652 3181 impeditus,
675 3123 742 3163 cum
753 3105 802 3164 alii
817 3126 904 3184 super
918 3109 977 3167 val·

52 3198 105 3260 lum
118 3202 392 3278 praecipitarentur,
406 3201 455 3258 elii
470 3201 500 3257 iu
513 3201 667 3278 ‘angustiis
680 3201 735 3276 ipsi
749 3199 805 3258 sibi
819 3221 976 3278 properen-

45 3297 92 3354 les
102 3297 279 3364 obfieerent,
290 3297 390 3376 multis
404 3295 529 3365 emissis,
538 3297 570 3355 in
580 3298 646 3354 loca
657 3297 766 3358 munita
774 3315 841 3354 sese
852 3299 975 3384 recepit.

52 3387 196 3460 Iletellus,
206 3367 318 3449 insule
329 3391 458 3481 negotio,
471 3401 624 3466 postquam
637 3411 695 3450 nox
707 3391 841 3460 aderat,
833 3411 864 3448 ur
882 3400 979 3504 eastra

24 3528 27 3563 ,
51 3485 437 3547 umeroshumeros.

24 3576 170 3640 LIX.
186 3580 297 3638 lemen
308 3590 427 3656 postero
436 3579 495 3649 die,
508 3577 598 3655 prius,
613 3595 699 3652 quom
708 3577 980 3655 sdobpugnandum
