<?xml version="1.0" encoding="UTF-8"?>
<!DOCTYPE html PUBLIC "-//W3C//DTD XHTML 1.0 Transitional//EN"
    "http://www.w3.org/TR/xhtml1/DTD/xhtml1-transitional.dtd">
<html xmlns="http://www.w3.org/1999/xhtml" xml:lang="en" lang="en">
 <head>
  <title>
</title>
<meta http-equiv="Content-Type" content="text/html;charset=utf-8" />
  <meta name='ocr-system' content='tesseract 3.04.00' />
  <meta name='ocr-capabilities' content='ocr_page ocr_carea ocr_par ocr_line ocrx_word'/>
</head>
<body>
  <div class='ocr_page' id='page_1' title='image "./ccrispisallusti01anthgoog_0025.png"; bbox 0 0 2259 4050; ppageno 0'>
   <div class='ocr_carea' id='block_1_1' title="bbox 404 360 1037 420">
    <p class='ocr_par' dir='ltr' id='par_1_1' title="bbox 404 360 1037 420">
     <span class='ocr_line' id='line_1_1' title="bbox 404 360 1037 420; baseline -0.002 -2"><span class='ocrx_word' id='word_1_1' title='bbox 404 362 565 420; x_wconf 72' lang='lat' dir='ltr'><strong>Sirenum</strong></span> <span class='ocrx_word' id='word_1_2' title='bbox 586 361 754 420; x_wconf 70' lang='lat' dir='ltr'><strong>camme.</strong></span> <span class='ocrx_word' id='word_1_3' title='bbox 1016 360 1037 417; x_wconf 83' lang='lat' dir='ltr'><strong>b</strong></span> 
     </span>
    </p>
   </div>
   <div class='ocr_carea' id='block_1_2' title="bbox 1 514 1095 1918">
    <p class='ocr_par' dir='ltr' id='par_1_2' title="bbox 100 514 1085 1250">
     <span class='ocr_line' id='line_1_2' title="bbox 102 514 1036 594; baseline 0.001 -19"><span class='ocrx_word' id='word_1_4' title='bbox 102 515 232 575; x_wconf 84' lang='lat' dir='ltr'><strong>bebant:</strong></span> <span class='ocrx_word' id='word_1_5' title='bbox 256 516 372 584; x_wconf 85' lang='lat' dir='ltr'><strong>delecti,</strong></span> <span class='ocrx_word' id='word_1_6' title='bbox 387 518 489 592; x_wconf 89' lang='lat' dir='ltr'><strong>quibus</strong></span> <span class='ocrx_word' id='word_1_7' title='bbox 503 537 610 594; x_wconf 85' lang='lat' dir='ltr'><strong>corpus</strong></span> <span class='ocrx_word' id='word_1_8' title='bbox 622 519 708 576; x_wconf 83' lang='lat' dir='ltr'><strong>annis</strong></span> <span class='ocrx_word' id='word_1_9' title='bbox 720 517 876 585; x_wconf 84' lang='lat' dir='ltr'><strong>infirmum,</strong></span> <span class='ocrx_word' id='word_1_10' title='bbox 886 514 1036 593; x_wconf 74' lang='lat' dir='ltr'>ingenium</span> 
     </span>
     <span class='ocr_line' id='line_1_3' title="bbox 102 609 1035 687; baseline 0.001 -19"><span class='ocrx_word' id='word_1_11' title='bbox 102 609 248 686; x_wconf 78' lang='lat' dir='ltr'><strong>sapientia</strong></span> <span class='ocrx_word' id='word_1_12' title='bbox 262 610 399 681; x_wconf 82' lang='lat' dir='ltr'><strong>validum,</strong></span> <span class='ocrx_word' id='word_1_13' title='bbox 409 612 588 687; x_wconf 80' lang='lat' dir='ltr'><strong>reipublicae</strong></span> <span class='ocrx_word' id='word_1_14' title='bbox 599 614 826 670; x_wconf 77' lang='lat' dir='ltr'><strong>&#39;consultabantr</strong></span> <span class='ocrx_word' id='word_1_15' title='bbox 839 611 882 681; x_wconf 87' lang='lat' dir='ltr'><strong>bi,</strong></span> <span class='ocrx_word' id='word_1_16' title='bbox 890 610 947 668; x_wconf 75' lang='lat' dir='ltr'><strong>&#39;vel</strong></span> <span class='ocrx_word' id='word_1_17' title='bbox 957 620 1035 669; x_wconf 87' lang='lat' dir='ltr'><strong>aeta·</strong></span> 
     </span>
     <span class='ocr_line' id='line_1_4' title="bbox 101 695 1036 782; baseline 0 -21"><span class='ocrx_word' id='word_1_18' title='bbox 101 705 199 774; x_wconf 81' lang='lat' dir='ltr'><strong>te‚vel</strong></span> <span class='ocrx_word' id='word_1_19' title='bbox 209 723 298 762; x_wconf 91' lang='lat' dir='ltr'><strong>curae</strong></span> <span class='ocrx_word' id='word_1_20' title='bbox 308 706 501 777; x_wconf 86' lang='lat' dir='ltr'><strong>similitudine,</strong></span> <span class='ocrx_word' id='word_1_21' title='bbox 513 695 635 764; x_wconf 64' lang='lat' dir='ltr'><strong>Parnes</strong></span> <span class='ocrx_word' id='word_1_22' title='bbox 644 708 874 782; x_wconf 85' lang='lat' dir='ltr'><strong>appellabantur.</strong></span> <span class='ocrx_word' id='word_1_23' title='bbox 902 703 1036 774; x_wconf 65' lang='lat' dir='ltr'><strong>Postubi</strong></span> 
     </span>
     <span class='ocr_line' id='line_1_5' title="bbox 101 797 1035 878; baseline 0.001 -22"><span class='ocrx_word' id='word_1_24' title='bbox 101 797 218 875; x_wconf 87' lang='lat' dir='ltr'><strong>regium</strong></span> <span class='ocrx_word' id='word_1_25' title='bbox 227 799 390 878; x_wconf 88' lang='lat' dir='ltr'><strong>imperium,</strong></span> <span class='ocrx_word' id='word_1_26' title='bbox 400 802 485 874; x_wconf 85' lang='lat' dir='ltr'><strong>quod,</strong></span> <span class='ocrx_word' id='word_1_27' title='bbox 496 801 586 869; x_wconf 91' lang='lat' dir='ltr'><strong>initio,</strong></span> <span class='ocrx_word' id='word_1_28' title='bbox 596 801 825 859; x_wconf 75' lang='lat' dir='ltr'><strong>³conservandae</strong></span> <span class='ocrx_word' id='word_1_29' title='bbox 835 800 986 869; x_wconf 78' lang='lat' dir='ltr'><strong>libertatis,</strong></span> <span class='ocrx_word' id='word_1_30' title='bbox 993 807 1035 857; x_wconf 90' lang='lat' dir='ltr'><strong>at·</strong></span> 
     </span>
     <span class='ocr_line' id='line_1_6' title="bbox 101 884 1035 970; baseline 0.004 -22"><span class='ocrx_word' id='word_1_31' title='bbox 101 909 161 966; x_wconf 90' lang='lat' dir='ltr'><strong>que</strong></span> <span class='ocrx_word' id='word_1_32' title='bbox 174 895 328 969; x_wconf 75' lang='lat' dir='ltr'>augendae</span> <span class='ocrx_word' id='word_1_33' title='bbox 340 895 516 969; x_wconf 88' lang='lat' dir='ltr'><strong>reipublicae</strong></span> <span class='ocrx_word' id='word_1_34' title='bbox 526 896 631 966; x_wconf 89' lang='lat' dir='ltr'><strong>fuerat,</strong></span> <span class='ocrx_word' id='word_1_35' title='bbox 640 897 669 953; x_wconf 94' lang='lat' dir='ltr'><strong>in</strong></span> <span class='ocrx_word' id='word_1_36' title='bbox 679 884 845 970; x_wconf 81' lang='lat' dir='ltr'><strong>superbiam</strong></span> <span class='ocrx_word' id='word_1_37' title='bbox 854 893 1035 952; x_wconf 89' lang='lat' dir='ltr'><strong>⁴dominatio·</strong></span> 
     </span>
     <span class='ocr_line' id='line_1_7' title="bbox 100 980 1085 1065; baseline 0.003 -21"><span class='ocrx_word' id='word_1_38' title='bbox 100 989 404 1062; x_wconf 72' lang='lat' dir='ltr'><strong>mmque⁵conrertit3</strong></span> <span class='ocrx_word' id='word_1_39' title='bbox 422 980 787 1061; x_wconf 82' lang='lat' dir='ltr'><strong>immutatomore,⁶anuue</strong></span> <span class='ocrx_word' id='word_1_40' title='bbox 800 990 1035 1065; x_wconf 85' lang='lat' dir='ltr'><strong>imperia,binos·</strong></span> <span class='ocrx_word' id='word_1_41' title='bbox 1080 1050 1085 1063; x_wconf 56' lang='grc'><strong>,</strong></span> 
     </span>
     <span class='ocr_line' id='line_1_8' title="bbox 101 1080 1033 1161; baseline 0.005 -25"><span class='ocrx_word' id='word_1_42' title='bbox 101 1097 162 1156; x_wconf 88' lang='lat' dir='ltr'><strong>que</strong></span> <span class='ocrx_word' id='word_1_43' title='bbox 175 1080 366 1156; x_wconf 87' lang='lat' dir='ltr'><strong>imperatores</strong></span> <span class='ocrx_word' id='word_1_44' title='bbox 377 1084 432 1142; x_wconf 91' lang='lat' dir='ltr'><strong>sibi</strong></span> <span class='ocrx_word' id='word_1_45' title='bbox 447 1084 546 1143; x_wconf 87' lang='lat' dir='ltr'><strong>fecere</strong></span> <span class='ocrx_word' id='word_1_46' title='bbox 565 1107 573 1143; x_wconf 74' lang='grc' dir='ltr'>ι</span> <span class='ocrx_word' id='word_1_47' title='bbox 595 1106 633 1144; x_wconf 88' lang='lat' dir='ltr'><strong>eo</strong></span> <span class='ocrx_word' id='word_1_48' title='bbox 645 1088 732 1144; x_wconf 85' lang='lat' dir='ltr'><strong>modo</strong></span> <span class='ocrx_word' id='word_1_49' title='bbox 743 1087 870 1144; x_wconf 80' lang='lat' dir='ltr'><strong>minume</strong></span> <span class='ocrx_word' id='word_1_50' title='bbox 884 1105 971 1161; x_wconf 90' lang='lat' dir='ltr'><strong>posse</strong></span> <span class='ocrx_word' id='word_1_51' title='bbox 982 1103 1033 1160; x_wconf 90' lang='lat' dir='ltr'><strong>pu·</strong></span> 
     </span>
     <span class='ocr_line' id='line_1_9' title="bbox 100 1173 960 1250; baseline 0.005 -19"><span class='ocrx_word' id='word_1_52' title='bbox 100 1173 204 1232; x_wconf 74' lang='lat' dir='ltr'><strong>lebant</strong></span> <span class='ocrx_word' id='word_1_53' title='bbox 218 1195 271 1250; x_wconf 88' lang='lat' dir='ltr'><strong>per</strong></span> <span class='ocrx_word' id='word_1_54' title='bbox 285 1177 432 1236; x_wconf 80' lang='lat' dir='ltr'><strong>licentiam</strong></span> <span class='ocrx_word' id='word_1_55' title='bbox 444 1179 635 1237; x_wconf 70' lang='lat' dir='ltr'><strong>⁷insolescere</strong></span> <span class='ocrx_word' id='word_1_56' title='bbox 649 1181 778 1237; x_wconf 83' lang='lat' dir='ltr'><strong>aninrum</strong></span> <span class='ocrx_word' id='word_1_57' title='bbox 791 1180 960 1236; x_wconf 71' lang='lat' dir='ltr'><strong>humanum.</strong></span> 
     </span>
    </p>

    <p class='ocr_par' dir='ltr' id='par_1_3' title="bbox 1 1268 1095 1918">
     <span class='ocr_line' id='line_1_10' title="bbox 103 1268 1034 1355; baseline 0.004 -28"><span class='ocrx_word' id='word_1_58' title='bbox 103 1269 112 1282; x_wconf 55' lang='lat'>³</span> <span class='ocrx_word' id='word_1_59' title='bbox 143 1268 211 1328; x_wconf 88' lang='lat' dir='ltr'><strong>VII.</strong></span> <span class='ocrx_word' id='word_1_60' title='bbox 227 1270 301 1328; x_wconf 80' lang='lat' dir='ltr'><strong>⁸Ssu</strong></span> <span class='ocrx_word' id='word_1_61' title='bbox 313 1292 350 1330; x_wconf 89' lang='lat' dir='ltr'><strong>ea</strong></span> <span class='ocrx_word' id='word_1_62' title='bbox 363 1283 535 1355; x_wconf 81' lang='lat' dir='ltr'><strong>tempestate</strong></span> <span class='ocrx_word' id='word_1_63' title='bbox 547 1274 684 1350; x_wconf 76' lang='lat' dir='ltr'><strong>’coepere</strong></span> <span class='ocrx_word' id='word_1_64' title='bbox 706 1294 739 1332; x_wconf 90' lang='lat' dir='ltr'><strong>se</strong></span> <span class='ocrx_word' id='word_1_65' title='bbox 751 1275 872 1350; x_wconf 90' lang='lat' dir='ltr'><strong>quisque</strong></span> <span class='ocrx_word' id='word_1_66' title='bbox 883 1273 1034 1344; x_wconf 86' lang='lat' dir='ltr'><strong>extollere,</strong></span> 
     </span>
     <span class='ocr_line' id='line_1_11' title="bbox 102 1364 1095 1445; baseline 0.01 -25"><span class='ocrx_word' id='word_1_67' title='bbox 102 1364 256 1441; x_wconf 80' lang='lat' dir='ltr'><strong>magisque</strong></span> <span class='ocrx_word' id='word_1_68' title='bbox 279 1366 428 1442; x_wconf 76' lang='lat' dir='ltr'><strong>ingenium</strong></span> <span class='ocrx_word' id='word_1_69' title='bbox 448 1369 477 1425; x_wconf 90' lang='lat' dir='ltr'><strong>in</strong></span> <span class='ocrx_word' id='word_1_70' title='bbox 498 1380 630 1445; x_wconf 90' lang='lat' dir='ltr'><strong>promptu</strong></span> <span class='ocrx_word' id='word_1_71' title='bbox 653 1371 773 1428; x_wconf 90' lang='lat' dir='ltr'><strong>babere.</strong></span> <span class='ocrx_word' id='word_1_72' title='bbox 815 1370 894 1427; x_wconf 88' lang='lat' dir='ltr'><strong>Nam</strong></span> <span class='ocrx_word' id='word_1_73' title='bbox 915 1369 1036 1444; x_wconf 89' lang='lat' dir='ltr'><strong>regibus</strong></span> <span class='ocrx_word' id='word_1_74' title='bbox 1089 1418 1095 1430; x_wconf 85' lang='grc'><strong>.</strong></span> 
     </span>
     <span class='ocr_line' id='line_1_12' title="bbox 101 1457 1036 1542; baseline 0.006 -27"><span class='ocrx_word' id='word_1_75' title='bbox 101 1457 201 1529; x_wconf 72' lang='lat' dir='ltr'><strong>¹‘boni‚</strong></span> <span class='ocrx_word' id='word_1_76' title='bbox 211 1479 298 1534; x_wconf 90' lang='lat' dir='ltr'><strong>quam</strong></span> <span class='ocrx_word' id='word_1_77' title='bbox 310 1463 389 1531; x_wconf 90' lang='lat' dir='ltr'><strong>mali,</strong></span> <span class='ocrx_word' id='word_1_78' title='bbox 400 1465 597 1538; x_wconf 74' lang='lat' dir='ltr'><strong>suspectiores</strong></span> <span class='ocrx_word' id='word_1_79' title='bbox 610 1475 686 1533; x_wconf 90' lang='lat' dir='ltr'><strong>sunt,</strong></span> <span class='ocrx_word' id='word_1_80' title='bbox 695 1482 869 1542; x_wconf 84' lang='lat' dir='ltr'><strong>semperque</strong></span> <span class='ocrx_word' id='word_1_81' title='bbox 878 1463 924 1520; x_wconf 90' lang='lat' dir='ltr'><strong>his</strong></span> <span class='ocrx_word' id='word_1_82' title='bbox 937 1463 1036 1521; x_wconf 83' lang='lat' dir='ltr'><strong>aliena</strong></span> 
     </span>
     <span class='ocr_line' id='line_1_13' title="bbox 102 1553 1035 1628; baseline 0.003 -17"><span class='ocrx_word' id='word_1_83' title='bbox 102 1553 194 1611; x_wconf 80' lang='lat' dir='ltr'><strong>uirtus</strong></span> <span class='ocrx_word' id='word_1_84' title='bbox 208 1555 393 1613; x_wconf 82' lang='lat' dir='ltr'><strong>formidolosa</strong></span> <span class='ocrx_word' id='word_1_85' title='bbox 407 1568 462 1614; x_wconf 89' lang='lat' dir='ltr'><strong>est.</strong></span> <span class='ocrx_word' id='word_1_86' title='bbox 505 1558 564 1616; x_wconf 84' lang='lat' dir='ltr'><strong>Sed</strong></span> <span class='ocrx_word' id='word_1_87' title='bbox 579 1559 692 1628; x_wconf 86' lang='lat' dir='ltr'><strong>civitas,</strong></span> <span class='ocrx_word' id='word_1_88' title='bbox 706 1558 877 1614; x_wconf 77' lang='lat' dir='ltr'><strong>incredibile</strong></span> <span class='ocrx_word' id='word_1_89' title='bbox 892 1575 1035 1614; x_wconf 85' lang='lat' dir='ltr'><strong>memora·</strong></span> 
     </span>
     <span class='ocr_line' id='line_1_14' title="bbox 101 1650 1035 1727; baseline 0 -19"><span class='ocrx_word' id='word_1_90' title='bbox 101 1659 134 1708; x_wconf 91' lang='lat' dir='ltr'><strong>tu</strong></span> <span class='ocrx_word' id='word_1_91' title='bbox 147 1658 202 1719; x_wconf 89' lang='lat' dir='ltr'><strong>est,</strong></span> <span class='ocrx_word' id='word_1_92' title='bbox 217 1650 345 1726; x_wconf 86' lang='lat' dir='ltr'><strong>¹&#39;adepta</strong></span> <span class='ocrx_word' id='word_1_93' title='bbox 359 1652 503 1722; x_wconf 88' lang='lat' dir='ltr'><strong>libertate,</strong></span> <span class='ocrx_word' id='word_1_94' title='bbox 526 1662 664 1727; x_wconf 88' lang='lat' dir='ltr'><strong>quantum</strong></span> <span class='ocrx_word' id='word_1_95' title='bbox 686 1652 768 1710; x_wconf 83' lang='lat' dir='ltr'><strong>brevi</strong></span> <span class='ocrx_word' id='word_1_96' title='bbox 788 1652 932 1709; x_wconf 83' lang='lat' dir='ltr'><strong>creverit:</strong></span> <span class='ocrx_word' id='word_1_97' title='bbox 954 1660 1035 1709; x_wconf 88' lang='lat' dir='ltr'><strong>tauta</strong></span> 
     </span>
     <span class='ocr_line' id='line_1_15' title="bbox 1 1743 1035 1830; baseline 0.002 -28"><span class='ocrx_word' id='word_1_98' title='bbox 1 1821 2 1830; x_wconf 9' lang='grc' dir='ltr'>ἵ</span> <span class='ocrx_word' id='word_1_99' title='bbox 102 1743 209 1819; x_wconf 88' lang='lat' dir='ltr'><strong>cupido</strong></span> <span class='ocrx_word' id='word_1_100' title='bbox 222 1743 334 1820; x_wconf 89' lang='lat' dir='ltr'><strong>gloriae</strong></span> <span class='ocrx_word' id='word_1_101' title='bbox 345 1747 517 1804; x_wconf 85' lang='lat' dir='ltr'><strong>incesserat.</strong></span> <span class='ocrx_word' id='word_1_102' title='bbox 559 1747 628 1804; x_wconf 88' lang='lat' dir='ltr'><strong>Jam</strong></span> <span class='ocrx_word' id='word_1_103' title='bbox 637 1747 760 1822; x_wconf 88' lang='lat' dir='ltr'><strong>primum</strong></span> <span class='ocrx_word' id='word_1_104' title='bbox 770 1748 918 1823; x_wconf 89' lang='lat' dir='ltr'><strong>juventus,</strong></span> <span class='ocrx_word' id='word_1_105' title='bbox 927 1747 1035 1804; x_wconf 74' lang='lat' dir='ltr'><strong>¹&#39;simul</strong></span> 
     </span>
     <span class='ocr_line' id='line_1_16' title="bbox 1 1839 1035 1918; baseline 0.004 -22"><span class='ocrx_word' id='word_1_106' title='bbox 1 1839 2 1846; x_wconf 73' lang='grc'>’</span> <span class='ocrx_word' id='word_1_107' title='bbox 101 1839 212 1896; x_wconf 82' lang='lat' dir='ltr'><strong>laboris</strong></span> <span class='ocrx_word' id='word_1_108' title='bbox 226 1859 263 1895; x_wconf 84' lang='lat' dir='ltr'><strong>ac</strong></span> <span class='ocrx_word' id='word_1_109' title='bbox 272 1839 360 1897; x_wconf 57' lang='lat' dir='ltr'><strong>¹ibelli</strong></span> <span class='ocrx_word' id='word_1_110' title='bbox 372 1842 484 1916; x_wconf 88' lang='lat' dir='ltr'><strong>patiens</strong></span> <span class='ocrx_word' id='word_1_111' title='bbox 493 1851 565 1910; x_wconf 88' lang='lat' dir='ltr'><strong>erat,</strong></span> <span class='ocrx_word' id='word_1_112' title='bbox 575 1843 720 1900; x_wconf 77' lang='lat' dir='ltr'><strong>incastris</strong></span> <span class='ocrx_word' id='word_1_113' title='bbox 729 1843 894 1918; x_wconf 78' lang='lat' dir='ltr'><strong>¹⁴perunum</strong></span> <span class='ocrx_word' id='word_1_114' title='bbox 902 1843 1035 1900; x_wconf 89' lang='lat' dir='ltr'><strong>militiam</strong></span> 
     </span>
    </p>
   </div>
   <div class='ocr_carea' id='block_1_3' title="bbox 1 1931 1034 2012">
    <p class='ocr_par' dir='ltr' id='par_1_4' title="bbox 1 1931 1034 2012">
     <span class='ocr_line' id='line_1_17' title="bbox 1 1931 1034 2012; baseline 0.002 -20"><span class='ocrx_word' id='word_1_115' title='bbox 1 1987 2 1992; x_wconf 73' lang='grc'>,</span> <span class='ocrx_word' id='word_1_116' title='bbox 101 1931 254 1991; x_wconf 72' lang='lat' dir='ltr'><strong>discebat:</strong></span> <span class='ocrx_word' id='word_1_117' title='bbox 277 1936 426 2011; x_wconf 85' lang='lat' dir='ltr'><strong>magisque</strong></span> <span class='ocrx_word' id='word_1_118' title='bbox 438 1937 467 1992; x_wconf 92' lang='lat' dir='ltr'><strong>in</strong></span> <span class='ocrx_word' id='word_1_119' title='bbox 477 1936 592 1994; x_wconf 87' lang='lat' dir='ltr'><strong>decoris</strong></span> <span class='ocrx_word' id='word_1_120' title='bbox 601 1938 690 1994; x_wconf 88' lang='lat' dir='ltr'><strong>armis</strong></span> <span class='ocrx_word' id='word_1_121' title='bbox 698 1947 728 1994; x_wconf 92' lang='lat' dir='ltr'><strong>et</strong></span> <span class='ocrx_word' id='word_1_122' title='bbox 739 1937 931 1994; x_wconf 75' lang='lat' dir='ltr'><strong>¹⁵militaribus</strong></span> <span class='ocrx_word' id='word_1_123' title='bbox 940 1938 1034 2012; x_wconf 90' lang='lat' dir='ltr'><strong>equis,</strong></span> 
     </span>
    </p>
   </div>
   <div class='ocr_carea' id='block_1_4' title="bbox 1 2028 1036 2963">
    <p class='ocr_par' dir='ltr' id='par_1_5' title="bbox 1 2028 1036 2963">
     <span class='ocr_line' id='line_1_18' title="bbox 100 2028 1035 2110; baseline 0.004 -25"><span class='ocrx_word' id='word_1_124' title='bbox 100 2046 189 2103; x_wconf 87' lang='lat' dir='ltr'><strong>quam</strong></span> <span class='ocrx_word' id='word_1_125' title='bbox 200 2028 230 2086; x_wconf 90' lang='lat' dir='ltr'><strong>in</strong></span> <span class='ocrx_word' id='word_1_126' title='bbox 241 2032 346 2087; x_wconf 89' lang='lat' dir='ltr'><strong>scortis</strong></span> <span class='ocrx_word' id='word_1_127' title='bbox 361 2044 446 2105; x_wconf 85' lang='lat' dir='ltr'><strong>atque</strong></span> <span class='ocrx_word' id='word_1_128' title='bbox 461 2032 612 2100; x_wconf 86' lang='lat' dir='ltr'><strong>conviviis,</strong></span> <span class='ocrx_word' id='word_1_129' title='bbox 626 2032 785 2089; x_wconf 87' lang='lat' dir='ltr'><strong>lubidinem</strong></span> <span class='ocrx_word' id='word_1_130' title='bbox 795 2035 953 2091; x_wconf 89' lang='lat' dir='ltr'><strong>habebant.</strong></span> <span class='ocrx_word' id='word_1_131' title='bbox 975 2032 1035 2110; x_wconf 89' lang='lat' dir='ltr'><strong>lgi</strong></span> 
     </span>
     <span class='ocr_line' id='line_1_19' title="bbox 99 2106 1034 2203; baseline 0.004 -23"><span class='ocrx_word' id='word_1_132' title='bbox 99 2133 149 2181; x_wconf 89' lang='lat' dir='ltr'><strong>tur</strong></span> <span class='ocrx_word' id='word_1_133' title='bbox 161 2125 267 2181; x_wconf 86' lang='lat' dir='ltr'><strong>talibus</strong></span> <span class='ocrx_word' id='word_1_134' title='bbox 278 2126 346 2182; x_wconf 89' lang='lat' dir='ltr'><strong>viris</strong></span> <span class='ocrx_word' id='word_1_135' title='bbox 355 2145 413 2184; x_wconf 88' lang='lat' dir='ltr'><strong>non</strong></span> <span class='ocrx_word' id='word_1_136' title='bbox 429 2126 532 2183; x_wconf 63' lang='lat' dir='ltr'><strong>&#39;tlabos</strong></span> <span class='ocrx_word' id='word_1_137' title='bbox 540 2126 682 2194; x_wconf 89' lang='lat' dir='ltr'><strong>insolitus,</strong></span> <span class='ocrx_word' id='word_1_138' title='bbox 692 2145 750 2184; x_wconf 89' lang='lat' dir='ltr'><strong>nou</strong></span> <span class='ocrx_word' id='word_1_139' title='bbox 761 2128 843 2183; x_wconf 90' lang='lat' dir='ltr'><strong>locus</strong></span> <span class='ocrx_word' id='word_1_140' title='bbox 852 2106 928 2183; x_wconf 80' lang='lat' dir='ltr'><strong>tillus</strong></span> <span class='ocrx_word' id='word_1_141' title='bbox 937 2146 1034 2203; x_wconf 85' lang='lat' dir='ltr'><strong>asper,</strong></span> 
     </span>
     <span class='ocr_line' id='line_1_20' title="bbox 100 2220 1034 2291; baseline 0.004 -15"><span class='ocrx_word' id='word_1_142' title='bbox 100 2226 153 2276; x_wconf 81' lang='lat' dir='ltr'><strong>aut</strong></span> <span class='ocrx_word' id='word_1_143' title='bbox 167 2220 272 2276; x_wconf 82' lang='lat' dir='ltr'><strong>arduus</strong></span> <span class='ocrx_word' id='word_1_144' title='bbox 287 2230 359 2291; x_wconf 89' lang='lat' dir='ltr'><strong>erat,</strong></span> <span class='ocrx_word' id='word_1_145' title='bbox 374 2240 430 2278; x_wconf 88' lang='lat' dir='ltr'><strong>non</strong></span> <span class='ocrx_word' id='word_1_146' title='bbox 442 2230 570 2279; x_wconf 85' lang='lat' dir='ltr'><strong>armatus</strong></span> <span class='ocrx_word' id='word_1_147' title='bbox 581 2221 671 2278; x_wconf 88' lang='lat' dir='ltr'><strong>bostis</strong></span> <span class='ocrx_word' id='word_1_148' title='bbox 681 2220 902 2280; x_wconf 78' lang='lat' dir='ltr'><strong>formidolosus:</strong></span> <span class='ocrx_word' id='word_1_149' title='bbox 924 2223 1034 2281; x_wconf 79' lang='lat' dir='ltr'><strong>¹⁷uirtus</strong></span> 
     </span>
     <span class='ocr_line' id='line_1_21' title="bbox 99 2314 1036 2392; baseline -0.003 -15"><span class='ocrx_word' id='word_1_150' title='bbox 99 2314 205 2377; x_wconf 79' lang='lat' dir='ltr'><strong>omnio</strong></span> <span class='ocrx_word' id='word_1_151' title='bbox 219 2315 379 2375; x_wconf 76' lang='lat' dir='ltr'><strong>domuerat.</strong></span> <span class='ocrx_word' id='word_1_152' title='bbox 422 2317 483 2373; x_wconf 86' lang='lat' dir='ltr'><strong>Sed</strong></span> <span class='ocrx_word' id='word_1_153' title='bbox 497 2316 609 2392; x_wconf 82' lang='lat' dir='ltr'><strong>gloriae</strong></span> <span class='ocrx_word' id='word_1_154' title='bbox 618 2335 785 2391; x_wconf 82' lang='lat' dir='ltr'><strong>maxumum</strong></span> <span class='ocrx_word' id='word_1_155' title='bbox 798 2329 950 2385; x_wconf 84' lang='lat' dir='ltr'><strong>certamen</strong></span> <span class='ocrx_word' id='word_1_156' title='bbox 959 2317 1036 2375; x_wconf 89' lang='lat' dir='ltr'><strong>inter</strong></span> 
     </span>
     <span class='ocr_line' id='line_1_22' title="bbox 1 2410 1034 2499; baseline -0.002 -28"><span class='ocrx_word' id='word_1_157' title='bbox 1 2474 2 2499; x_wconf 26' lang='lat' dir='ltr'><strong>q</strong></span> <span class='ocrx_word' id='word_1_158' title='bbox 100 2414 183 2488; x_wconf 87' lang='lat' dir='ltr'><strong>ipsos</strong></span> <span class='ocrx_word' id='word_1_159' title='bbox 197 2420 281 2469; x_wconf 89' lang='lat' dir='ltr'><strong>erat:</strong></span> <span class='ocrx_word' id='word_1_160' title='bbox 296 2411 384 2469; x_wconf 76' lang='lat' dir='ltr'><strong>¹&#39;seso</strong></span> <span class='ocrx_word' id='word_1_161' title='bbox 399 2412 519 2487; x_wconf 90' lang='lat' dir='ltr'><strong>quisque</strong></span> <span class='ocrx_word' id='word_1_162' title='bbox 532 2412 645 2469; x_wconf 90' lang='lat' dir='ltr'><strong>hostem</strong></span> <span class='ocrx_word' id='word_1_163' title='bbox 660 2410 758 2481; x_wconf 81' lang='lat' dir='ltr'><strong>ferire,</strong></span> <span class='ocrx_word' id='word_1_164' title='bbox 782 2430 896 2469; x_wconf 87' lang='lat' dir='ltr'><strong>murum</strong></span> <span class='ocrx_word' id='word_1_165' title='bbox 911 2413 1034 2469; x_wconf 85' lang='lat' dir='ltr'><strong>adscen-</strong></span> 
     </span>
     <span class='ocr_line' id='line_1_23' title="bbox 1 2505 1036 2581; baseline -0.001 -16"><span class='ocrx_word' id='word_1_166' title='bbox 1 2514 2 2517; x_wconf 75' lang='grc'>’</span> <span class='ocrx_word' id='word_1_167' title='bbox 100 2507 182 2577; x_wconf 88' lang='lat' dir='ltr'><strong>dere,</strong></span> <span class='ocrx_word' id='word_1_168' title='bbox 194 2507 327 2580; x_wconf 87' lang='lat' dir='ltr'><strong>conspici</strong></span> <span class='ocrx_word' id='word_1_169' title='bbox 341 2506 408 2563; x_wconf 87' lang='lat' dir='ltr'><strong>dum</strong></span> <span class='ocrx_word' id='word_1_170' title='bbox 431 2506 509 2562; x_wconf 73' lang='lat' dir='ltr'><strong>¹&#39;tale</strong></span> <span class='ocrx_word' id='word_1_171' title='bbox 524 2505 639 2562; x_wconf 85' lang='lat' dir='ltr'><strong>facinus</strong></span> <span class='ocrx_word' id='word_1_172' title='bbox 653 2506 778 2574; x_wconf 80' lang='lat' dir='ltr'><strong>faceret,</strong></span> <span class='ocrx_word' id='word_1_173' title='bbox 795 2509 993 2581; x_wconf 81' lang='lat' dir='ltr'><strong>properabat:</strong></span> <span class='ocrx_word' id='word_1_174' title='bbox 1013 2505 1036 2537; x_wconf 78' lang='lat'><strong>²⁹</strong></span> 
     </span>
     <span class='ocr_line' id='line_1_24' title="bbox 100 2584 1035 2675; baseline -0.003 -14"><span class='ocrx_word' id='word_1_175' title='bbox 100 2601 292 2670; x_wconf 84' lang='lat' dir='ltr'><strong>easdivitias‚</strong></span> <span class='ocrx_word' id='word_1_176' title='bbox 311 2621 378 2659; x_wconf 86' lang='lat' dir='ltr'><strong>eam</strong></span> <span class='ocrx_word' id='word_1_177' title='bbox 395 2604 501 2659; x_wconf 91' lang='lat' dir='ltr'><strong>bonam</strong></span> <span class='ocrx_word' id='word_1_178' title='bbox 519 2600 628 2657; x_wconf 81' lang='lat' dir='ltr'><strong>famam</strong></span> <span class='ocrx_word' id='word_1_179' title='bbox 647 2584 842 2675; x_wconf 87' lang='lat' dir='ltr'><strong>magnamque</strong></span> <span class='ocrx_word' id='word_1_180' title='bbox 853 2602 1035 2658; x_wconf 81' lang='lat' dir='ltr'><strong>nobilitatem</strong></span> 
     </span>
     <span class='ocr_line' id='line_1_25' title="bbox 99 2693 1035 2774; baseline -0.002 -19"><span class='ocrx_word' id='word_1_181' title='bbox 99 2698 242 2773; x_wconf 84' lang='lat' dir='ltr'><strong>putabant</strong></span> <span class='ocrx_word' id='word_1_182' title='bbox 252 2700 265 2753; x_wconf 72' lang='grc' dir='ltr'><strong>ε’</strong></span> <span class='ocrx_word' id='word_1_183' title='bbox 283 2697 376 2774; x_wconf 81' lang='lat' dir='ltr'><strong>laudis</strong></span> <span class='ocrx_word' id='word_1_184' title='bbox 386 2696 473 2766; x_wconf 89' lang='lat' dir='ltr'><strong>avidi,</strong></span> <span class='ocrx_word' id='word_1_185' title='bbox 483 2695 628 2771; x_wconf 85' lang='lat' dir='ltr'><strong>pecuniae</strong></span> <span class='ocrx_word' id='word_1_186' title='bbox 637 2693 776 2751; x_wconf 87' lang='lat' dir='ltr'><strong>liberales</strong></span> <span class='ocrx_word' id='word_1_187' title='bbox 786 2701 889 2749; x_wconf 83' lang='lat' dir='ltr'><strong>erant:</strong></span> <span class='ocrx_word' id='word_1_188' title='bbox 911 2694 1035 2772; x_wconf 88' lang='lat' dir='ltr'><strong>gloriam</strong></span> 
     </span>
     <span class='ocr_line' id='line_1_26' title="bbox 99 2788 1034 2867; baseline -0.005 -17"><span class='ocrx_word' id='word_1_189' title='bbox 99 2791 262 2867; x_wconf 80' lang='lat' dir='ltr'><strong>ingentem,</strong></span> <span class='ocrx_word' id='word_1_190' title='bbox 271 2792 407 2849; x_wconf 62' lang='lat' dir='ltr'><strong>”divitias</strong></span> <span class='ocrx_word' id='word_1_191' title='bbox 416 2794 552 2849; x_wconf 85' lang='lat' dir='ltr'><strong>honestas</strong></span> <span class='ocrx_word' id='word_1_192' title='bbox 561 2791 707 2848; x_wconf 86' lang='lat' dir='ltr'><strong>volebant.</strong></span> <span class='ocrx_word' id='word_1_193' title='bbox 730 2788 897 2846; x_wconf 83' lang='lat' dir='ltr'><strong>Memorare</strong></span> <span class='ocrx_word' id='word_1_194' title='bbox 907 2808 1034 2865; x_wconf 82' lang='lat' dir='ltr'><strong>possem,</strong></span> 
     </span>
     <span class='ocr_line' id='line_1_27' title="bbox 99 2884 1034 2963; baseline 0.002 -19"><span class='ocrx_word' id='word_1_195' title='bbox 99 2886 206 2963; x_wconf 92' lang='lat' dir='ltr'><strong>quibus</strong></span> <span class='ocrx_word' id='word_1_196' title='bbox 220 2887 249 2943; x_wconf 92' lang='lat' dir='ltr'><strong>in</strong></span> <span class='ocrx_word' id='word_1_197' title='bbox 264 2887 339 2944; x_wconf 88' lang='lat' dir='ltr'><strong>locis</strong></span> <span class='ocrx_word' id='word_1_198' title='bbox 354 2887 528 2943; x_wconf 57' lang='lat' dir='ltr'><strong>²lmarnunas</strong></span> <span class='ocrx_word' id='word_1_199' title='bbox 546 2886 671 2942; x_wconf 90' lang='lat' dir='ltr'><strong>hostium</strong></span> <span class='ocrx_word' id='word_1_200' title='bbox 682 2884 783 2958; x_wconf 89' lang='lat' dir='ltr'><strong>copias</strong></span> <span class='ocrx_word' id='word_1_201' title='bbox 795 2886 917 2961; x_wconf 92' lang='lat' dir='ltr'><strong>populus</strong></span> <span class='ocrx_word' id='word_1_202' title='bbox 926 2885 1034 2945; x_wconf 86' lang='lat' dir='ltr'><strong>Roma·</strong></span> 
     </span>
    </p>
   </div>
   <div class='ocr_carea' id='block_1_5' title="bbox 99 2980 1118 3060">
    <p class='ocr_par' dir='ltr' id='par_1_6' title="bbox 99 2980 1118 3060">
     <span class='ocr_line' id='line_1_28' title="bbox 99 2980 1118 3060; baseline -0.01 -20"><span class='ocrx_word' id='word_1_203' title='bbox 99 3000 156 3041; x_wconf 76' lang='lat' dir='ltr'><strong>nris</strong></span> <span class='ocrx_word' id='word_1_204' title='bbox 164 3000 258 3058; x_wconf 89' lang='lat' dir='ltr'><strong>parva</strong></span> <span class='ocrx_word' id='word_1_205' title='bbox 271 3000 359 3039; x_wconf 84' lang='lat' dir='ltr'><strong>manu</strong></span> <span class='ocrx_word' id='word_1_206' title='bbox 369 2980 485 3049; x_wconf 88' lang='lat' dir='ltr'><strong>fuderit,</strong></span> <span class='ocrx_word' id='word_1_207' title='bbox 500 2999 573 3056; x_wconf 89' lang='lat' dir='ltr'><strong>quas</strong></span> <span class='ocrx_word' id='word_1_208' title='bbox 581 2982 678 3049; x_wconf 89' lang='lat' dir='ltr'><strong>urbes,</strong></span> <span class='ocrx_word' id='word_1_209' title='bbox 693 2989 798 3037; x_wconf 87' lang='lat' dir='ltr'><strong>natura</strong></span> <span class='ocrx_word' id='word_1_210' title='bbox 811 2981 947 3052; x_wconf 85' lang='lat' dir='ltr'><strong>munitas,</strong></span> <span class='ocrx_word' id='word_1_211' title='bbox 962 3000 1034 3060; x_wconf 80' lang='lat' dir='ltr'><strong>pug.</strong></span> <span class='ocrx_word' id='word_1_212' title='bbox 1115 3001 1118 3006; x_wconf 91' lang='lat'>·</span> 
     </span>
    </p>
   </div>
   <div class='ocr_carea' id='block_1_6' title="bbox 97 3075 1036 3535">
    <p class='ocr_par' dir='ltr' id='par_1_7' title="bbox 97 3075 1036 3535">
     <span class='ocr_line' id='line_1_29' title="bbox 99 3075 952 3152; baseline 0 -16"><span class='ocrx_word' id='word_1_213' title='bbox 99 3076 198 3136; x_wconf 87' lang='lat' dir='ltr'><strong>nando</strong></span> <span class='ocrx_word' id='word_1_214' title='bbox 207 3078 330 3152; x_wconf 87' lang='lat' dir='ltr'><strong>ceperit,</strong></span> <span class='ocrx_word' id='word_1_215' title='bbox 341 3076 391 3133; x_wconf 67' lang='lat' dir='ltr'><strong>”ni</strong></span> <span class='ocrx_word' id='word_1_216' title='bbox 404 3094 441 3134; x_wconf 88' lang='lat' dir='ltr'><strong>ea</strong></span> <span class='ocrx_word' id='word_1_217' title='bbox 456 3094 505 3133; x_wconf 86' lang='lat' dir='ltr'><strong>res</strong></span> <span class='ocrx_word' id='word_1_218' title='bbox 514 3076 630 3152; x_wconf 89' lang='lat' dir='ltr'><strong>longius</strong></span> <span class='ocrx_word' id='word_1_219' title='bbox 639 3078 677 3133; x_wconf 85' lang='lat' dir='ltr'><strong>ab</strong></span> <span class='ocrx_word' id='word_1_220' title='bbox 686 3075 804 3151; x_wconf 89' lang='lat' dir='ltr'><strong>incepto</strong></span> <span class='ocrx_word' id='word_1_221' title='bbox 813 3077 952 3136; x_wconf 85' lang='lat' dir='ltr'><strong>traheret.</strong></span> 
     </span>
     <span class='ocr_line' id='line_1_30' title="bbox 140 3170 1036 3247; baseline 0 -16"><span class='ocrx_word' id='word_1_222' title='bbox 140 3171 225 3231; x_wconf 87' lang='lat' dir='ltr'><strong>VIII.</strong></span> <span class='ocrx_word' id='word_1_223' title='bbox 249 3172 312 3229; x_wconf 79' lang='lat' dir='ltr'><strong>Seu</strong></span> <span class='ocrx_word' id='word_1_224' title='bbox 327 3172 457 3247; x_wconf 84' lang='lat' dir='ltr'><strong>profecto</strong></span> <span class='ocrx_word' id='word_1_225' title='bbox 470 3170 598 3228; x_wconf 83' lang='lat' dir='ltr'><strong>Fortuna</strong></span> <span class='ocrx_word' id='word_1_226' title='bbox 611 3171 641 3228; x_wconf 90' lang='lat' dir='ltr'><strong>in</strong></span> <span class='ocrx_word' id='word_1_227' title='bbox 654 3170 733 3228; x_wconf 86' lang='lat' dir='ltr'><strong>omui</strong></span> <span class='ocrx_word' id='word_1_228' title='bbox 748 3190 781 3227; x_wconf 88' lang='lat' dir='ltr'><strong>re</strong></span> <span class='ocrx_word' id='word_1_229' title='bbox 794 3171 975 3245; x_wconf 59' lang='lat' dir='ltr'><strong>dominatum</strong></span> <span class='ocrx_word' id='word_1_230' title='bbox 997 3193 1036 3232; x_wconf 90' lang='lat' dir='ltr'><strong>ea</strong></span> 
     </span>
     <span class='ocr_line' id='line_1_31' title="bbox 97 3266 1036 3343; baseline -0.001 -17"><span class='ocrx_word' id='word_1_231' title='bbox 97 3267 170 3327; x_wconf 76' lang='lat' dir='ltr'><strong>¹&#39;res</strong></span> <span class='ocrx_word' id='word_1_232' title='bbox 181 3278 314 3338; x_wconf 86' lang='lat' dir='ltr'><strong>cunctas,</strong></span> <span class='ocrx_word' id='word_1_233' title='bbox 324 3288 361 3325; x_wconf 85' lang='lat' dir='ltr'><strong>ex</strong></span> <span class='ocrx_word' id='word_1_234' title='bbox 374 3268 501 3325; x_wconf 90' lang='lat' dir='ltr'><strong>lubidine</strong></span> <span class='ocrx_word' id='word_1_235' title='bbox 516 3266 612 3343; x_wconf 82' lang='lat' dir='ltr'><strong>magis</strong></span> <span class='ocrx_word' id='word_1_236' title='bbox 625 3285 713 3342; x_wconf 89' lang='lat' dir='ltr'><strong>quam</strong></span> <span class='ocrx_word' id='word_1_237' title='bbox 732 3285 770 3324; x_wconf 89' lang='lat' dir='ltr'><strong>ex</strong></span> <span class='ocrx_word' id='word_1_238' title='bbox 780 3285 860 3338; x_wconf 82' lang='lat' dir='ltr'><strong>vero,</strong></span> <span class='ocrx_word' id='word_1_239' title='bbox 882 3267 1036 3327; x_wconf 73' lang='lat' dir='ltr'><strong>¹⁵celebrat</strong></span> 
     </span>
     <span class='ocr_line' id='line_1_32' title="bbox 98 3362 1035 3441; baseline -0.003 -18"><span class='ocrx_word' id='word_1_240' title='bbox 98 3364 308 3438; x_wconf 87' lang='lat' dir='ltr'><strong>obscuratque.</strong></span> <span class='ocrx_word' id='word_1_241' title='bbox 331 3362 555 3422; x_wconf 80' lang='lat' dir='ltr'><strong>Atheniensium</strong></span> <span class='ocrx_word' id='word_1_242' title='bbox 571 3380 620 3419; x_wconf 89' lang='lat' dir='ltr'><strong>res</strong></span> <span class='ocrx_word' id='word_1_243' title='bbox 633 3375 747 3440; x_wconf 81' lang='lat' dir='ltr'><strong>gestae,</strong></span> <span class='ocrx_word' id='word_1_244' title='bbox 757 3363 843 3421; x_wconf 90' lang='lat' dir='ltr'><strong>sicuti</strong></span> <span class='ocrx_word' id='word_1_245' title='bbox 853 3383 910 3441; x_wconf 90' lang='lat' dir='ltr'><strong>ego</strong></span> <span class='ocrx_word' id='word_1_246' title='bbox 917 3364 1035 3421; x_wconf 68' lang='lat' dir='ltr'><strong>”aeuu-</strong></span> 
     </span>
     <span class='ocr_line' id='line_1_33' title="bbox 99 3456 1035 3535; baseline -0.006 -18"><span class='ocrx_word' id='word_1_247' title='bbox 99 3476 160 3529; x_wconf 84' lang='lat' dir='ltr'><strong>mo,</strong></span> <span class='ocrx_word' id='word_1_248' title='bbox 185 3458 261 3516; x_wconf 88' lang='lat' dir='ltr'><strong>satis</strong></span> <span class='ocrx_word' id='word_1_249' title='bbox 290 3459 406 3535; x_wconf 86' lang='lat' dir='ltr'><strong>amplae</strong></span> <span class='ocrx_word' id='word_1_250' title='bbox 438 3457 674 3535; x_wconf 75' lang='lat' dir='ltr'><strong>magnilicaeque</strong></span> <span class='ocrx_word' id='word_1_251' title='bbox 706 3456 815 3529; x_wconf 78' lang='lat' dir='ltr'><strong>suere3</strong></span> <span class='ocrx_word' id='word_1_252' title='bbox 850 3476 952 3515; x_wconf 86' lang='lat' dir='ltr'><strong>verum</strong></span> <span class='ocrx_word' id='word_1_253' title='bbox 983 3456 1035 3514; x_wconf 74' lang='lat' dir='ltr'><strong>eli.</strong></span> 
     </span>
    </p>
   </div>
   <div class='ocr_carea' id='block_1_7' title="bbox 99 3551 1035 3688">
    <p class='ocr_par' dir='ltr' id='par_1_8' title="bbox 99 3551 1035 3688">
     <span class='ocr_line' id='line_1_34' title="bbox 99 3551 1035 3688; baseline -0.002 -75"><span class='ocrx_word' id='word_1_254' title='bbox 99 3560 210 3630; x_wconf 79' lang='lat' dir='ltr'><strong>quante</strong></span> <span class='ocrx_word' id='word_1_255' title='bbox 232 3554 362 3613; x_wconf 88' lang='lat' dir='ltr'><strong>minores</strong></span> <span class='ocrx_word' id='word_1_256' title='bbox 375 3564 483 3623; x_wconf 86' lang='lat' dir='ltr'><strong>tamen,</strong></span> <span class='ocrx_word' id='word_1_257' title='bbox 497 3551 678 3688; x_wconf 53' lang='lat' dir='ltr'><strong>querpsama</strong></span> <span class='ocrx_word' id='word_1_258' title='bbox 690 3552 830 3610; x_wconf 83' lang='lat' dir='ltr'><strong>seruntur.</strong></span> <span class='ocrx_word' id='word_1_259' title='bbox 873 3551 944 3623; x_wconf 80' lang='lat' dir='ltr'><strong>Sed,</strong></span> <span class='ocrx_word' id='word_1_260' title='bbox 966 3551 1035 3629; x_wconf 86' lang='lat' dir='ltr'><strong>quia</strong></span> 
     </span>
    </p>
   </div>
   <div class='ocr_carea' id='block_1_8' title="bbox 0 0 1134 4050">
    <p class='ocr_par' dir='ltr' id='par_1_9' title="bbox 0 0 1134 4050">
     <span class='ocr_line' id='line_1_35' title="bbox 0 0 1134 4050; baseline 0 0"><span class='ocrx_word' id='word_1_261' title='bbox 0 0 1134 4050; x_wconf 95' lang='lat' dir='ltr'><strong> </strong></span> 
     </span>
    </p>
   </div>
  </div>
 </body>
</html>
