2259 4050
319 273 483 335 Sannum
502 274 681 337 incurras.
912 279 964 374 *aa

43 449 132 491 renim
141 430 290 489 venalium
303 432 391 489 totius
404 433 489 510 regni
503 446 638 492 masnme
653 432 850 504 celebratum
871 436 920 493 ubi
934 447 963 495 et

45 526 174 595 incolere,
189 536 219 584 et
242 527 369 583 mercari
394 538 608 586 consueverant
631 528 727 586 Italici
742 529 860 606 generis
882 530 963 587 multi

46 622 183 678 mortales·
226 620 315 678 'Hune
332 621 451 692 Consul,
465 623 551 679 simul
573 624 703 681 tentandi
723 624 818 700 gratia
833 632 863 680 et
875 643 963 699 oppe-

47 715 138 785 riundi,
153 715 178 771 si
193 725 362 791 paterentur
383 718 611 792 opportunitates
633 718 700 787 loci,
720 718 898 794 praesidium
912 719 963 775 im·

47 811 146 885 posuit;
169 790 325 886 praeterea
349 811 502 886 imperavit
524 812 711 882 frumentum,
736 822 770 870 et*
794 813 862 881 ulia,
887 830 962 886 quae

47 906 111 963 bello
120 905 184 962 usui
198 904 324 961 'forentz
345 914 426 962 ratus
439 906 478 975 id,
500 906 635 980 quadres
659 909 805 976 monebat,
819 906 963 981 ³frequen·
1053 950 1057 955 -

46 998 106 1056 tiam
119 993 332 1075 negotiatorum
342 1008 375 1063 ‚et
389 1012 604 1089 commeatuum
616 1002 781 1076 juvaturam
791 1002 962 1071 exercitum,
1049 1027 1068 1045 υ

47 1093 136 1168 etjam
146 1093 260 1169 pacatis
274 1096 362 1150 rebus
373 1095 553 1152 munimento
562 1096 635 1153 fore.
671 1095 752 1152 Inter
762 1096 836 1152 haec
845 1096 964 1172 negotia

44 1185 179 1265 Iugurtha
193 1188 354 1263 impensius
368 1188 454 1245 modo
467 1190 581 1265 legatos
604 1189 751 1265 supplices
775 1190 898 1258 mittere,
913 1208 963 1264 pa·

45 1298 101 1339 cem
114 1301 200 1339 orare
211 1303 219 1351 ;
241 1291 359 1357 praeter
369 1277 451 1363 suam
462 1283 674 1358 liberorumque
685 1284 784 1353 vitam,
794 1284 891 1341 omnia
901 1284 963 1340 Me·

43 1376 104 1433 tello
117 1374 239 1433 dedere.
282 1376 365 1441 Quos
378 1377 458 1445 item,
482 1378 523 1434 uti
538 1379 658 1453 priores,
684 1379 785 1436 consul
799 1379 912 1440 illectos
927 1379 963 1435 ad

44 1470 228 1542 proditionem
243 1470 359 1527 domum
368 1471 546 1528 dimittebat:
569 1474 632 1548 regi
645 1492 758 1547 pacem,
770 1491 857 1544 quam
869 1482 963 1546 postu-

43 1562 123 1633 labat,
139 1584 235 1638 neque
251 1567 389 1634 abnuere,
404 1584 498 1638 neque
513 1566 654 1639 polliceri,
670 1575 699 1622 et
712 1566 788 1621 inter
802 1582 854 1621 eas
868 1584 967 1621 moras

41 1659 177 1729 promissa
192 1660 547 1735 legatorumexspectare.
575 1690 586 1725 χ
650 1698 655 1709 .

74 1752 214 1810 XLVIII.
226 1753 395 1811 Juennnrrn
406 1755 455 1811 ubi
465 1749 577 1812 Metelli
587 1756 665 1813 dicta
677 1775 743 1813 cum
752 1757 837 1813 factis
849 1776 964 1832 compo-

41 1845 100 1917 suit,
116 1867 153 1905 ac
167 1868 200 1905 se
212 1848 272 1904 suis
288 1849 398 1905 artibus
410 1849 516 1906 tentari
542 1850 763 1921 animadvortit3
786 1852 891 1926 quippe
917 1852 964 1909 cui

41 1943 133 1999 verbis
147 1963 205 2018 pax
214 1944 415 2012 nunciabatur,
430 1953 561 2001 ceterum
576 1963 608 2001 re
634 1946 743 2003 bellum
765 1964 965 2020 asperrumum

42 2048 111 2109 erat,
126 2040 196 2094 urbs
209 2057 347 2095 maxuma
359 2038 505 2107 ‘alienata
520 2059 592 2116 ager
606 2040 736 2096 hostibus
747 2041 890 2115 cognitus,
904 2042 965 2096 ani-

42 2133 78 2188 mi
93 2133 275 2209 popularium
284 2133 387 2189 tentati
402 2153 411 2202 ;
433 2145 552 2188 coaetus
562 2152 664 2204 ,rerum
674 2133 899 2203 necessitudine,
909 2143 965 2192 sta·

42 2228 91 2283 tuit
105 2229 196 2285 armis
210 2236 335 2300 certare,
377 2226 468 2303 Igitur
490 2227 639 2303 explorato
661 2228 784 2284 hostium
809 2229 922 2299 itinere,
936 2231 966 2288 in

45 2339 120 2396 spem
148 2322 289 2380 victoriae
317 2321 458 2379 adductus
484 2341 523 2378 ex
549 2324 762 2398 opportunitate
790 2324 857 2393 loci,
885 2325 967 2399 ⁵quas

46 2434 191 2474 maxumas
214 2416 314 2492 copias
334 2426 428 2491 potest
449 2417 578 2473 omnium
601 2436 743 2493 generum
757 2429 848 2492 parat,
864 2438 901 2475 ac
915 2439 968 2495 per

19 2496 20 2507 ²
47 2513 170 2569 tramites
179 2512 310 2569 occultos
320 2512 481 2568 exercitum
492 2509 606 2567 Metelli
617 2512 774 2569 antevenit.
806 2513 879 2568 Erat
891 2514 921 2568 in
932 2533 969 2570 ea

49 2617 122 2677 parte
136 2605 305 2675 Numidiae,
324 2625 411 2680 quam
426 2605 575 2663 Adherbal
589 2605 619 2661 in
633 2604 774 2662 divisione
789 2606 968 2680 possederat,

19 2748 20 2759 2
50 2699 147 2760 lumen
170 2684 269 2779 oriens
290 2721 309 2758 a
331 2701 463 2770 meridie,
478 2701 594 2758 nomine
610 2699 743 2769 Muthul‘3
766 2720 784 2757 a
797 2718 853 2774 quo
868 2701 971 2760 aberat

52 2811 123 2854 mons
138 2797 230 2856 ferme
245 2796 338 2854 millia
351 2815 488 2872 passuum
502 2815 550 2852 xx.
574 2795 677 2852 “tractu
702 2795 773 2870 pari,
797 2796 906 2853 'vastus
933 2798 970 2854 ab

51 2901 145 2950 natura
172 2903 202 2950 et
228 2894 355 2949 humano
382 2892 479 2948 cultu:
501 2891 553 2948 sed
573 2909 611 2947 ex
625 2909 661 2948 eo
675 2891 771 2949 medio
785 2891 877 2966 'quasi
887 2891 970 2949 collis

52 2985 198 3058 oriebatur,
212 2988 243 3046 in
263 2987 437 3044 immensum
462 2985 620 3062 pertinens
645 2986 765 3042 vestitus
787 2988 913 3044 oleastro
935 3007 971 3045 uc

53 3078 173 3152 mittetis,
198 3083 322 3157 aliisque
337 3082 495 3160 generibus
510 3083 655 3150 arborum,
681 3097 756 3154 quae
780 3080 869 3139 ”humi
891 3083 972 3141 arido
996 3113 1000 3123 ·

52 3182 129 3249 atque
144 3196 269 3250 arenoso
282 3177 449 3254 gignuntur.
472 3176 594 3233 ¹⁰Media
609 3184 706 3233 autem
717 3176 858 3252 planicies
874 3177 972 3237 deser·

51 3276 84 3340 ta,
98 3273 221 3348 penuria
245 3289 348 3346 aquae,
371 3281 488 3347 praeter
510 3271 621 3328 flumini
644 3271 804 3347 propinqua
825 3274 914 3331 loca:
937 3292 974 3332 ea

51 3361 179 3425 nconsita
192 3366 327 3439 arbustis,
342 3385 450 3442 pecore
474 3376 561 3441 atque
581 3367 740 3426 cultoribus
750 3367 972 3443 frequentabam
1065 3439 1074 3444 ,

50 3469 100 3521 tur.

676 3633 697 3651 ss·
813 3651 816 3662 Ι

527 3614 755 3750 ω

468 3844 476 3857 ι
