<?xml version="1.0" encoding="UTF-8"?>
<!DOCTYPE html PUBLIC "-//W3C//DTD XHTML 1.0 Transitional//EN"
    "http://www.w3.org/TR/xhtml1/DTD/xhtml1-transitional.dtd">
<html xmlns="http://www.w3.org/1999/xhtml" xml:lang="en" lang="en">
 <head>
  <title>
</title>
<meta http-equiv="Content-Type" content="text/html;charset=utf-8" />
  <meta name='ocr-system' content='tesseract 3.04.00' />
  <meta name='ocr-capabilities' content='ocr_page ocr_carea ocr_par ocr_line ocrx_word'/>
</head>
<body>
  <div class='ocr_page' id='page_1' title='image "./ccrispisallusti01anthgoog_0091.png"; bbox 0 0 2259 4050; ppageno 0'>
   <div class='ocr_carea' id='block_1_1' title="bbox 572 20 847 190">
    <p class='ocr_par' dir='ltr' id='par_1_1' title="bbox 572 20 847 190">
     <span class='ocr_line' id='line_1_1' title="bbox 572 20 847 70; baseline -0.011 -14"><span class='ocrx_word' id='word_1_1' title='bbox 572 22 587 56; x_wconf 59' lang='grc' dir='ltr'>ἦ·</span> <span class='ocrx_word' id='word_1_2' title='bbox 630 31 693 53; x_wconf 66' lang='lat' dir='ltr'>⁴¹e</span> <span class='ocrx_word' id='word_1_3' title='bbox 737 20 783 70; x_wconf 47' lang='lat' dir='ltr'>,Jl&#39;</span> <span class='ocrx_word' id='word_1_4' title='bbox 839 23 847 32; x_wconf 79' lang='lat'><em>&#39;</em></span> 
     </span>
     <span class='ocr_line' id='line_1_2' title="bbox 578 60 723 113; baseline 0 -43"><span class='ocrx_word' id='word_1_5' title='bbox 578 60 581 70; x_wconf 92' lang='grc' dir='ltr'>Ι</span> <span class='ocrx_word' id='word_1_6' title='bbox 672 93 683 113; x_wconf 41' lang='grc' dir='ltr'>,ἱ</span> <span class='ocrx_word' id='word_1_7' title='bbox 716 87 723 91; x_wconf 69' lang='lat'>-</span> 
     </span>
     <span class='ocr_line' id='line_1_3' title="bbox 634 99 690 160; baseline 0 0"><span class='ocrx_word' id='word_1_8' title='bbox 634 99 690 160; x_wconf 52' lang='lat' dir='ltr'>lu</span> 
     </span>
     <span class='ocr_line' id='line_1_4' title="bbox 655 154 798 190; baseline 0 -1"><span class='ocrx_word' id='word_1_9' title='bbox 655 154 671 190; x_wconf 82' lang='lat'>..&#39;</span> <span class='ocrx_word' id='word_1_10' title='bbox 758 164 798 185; x_wconf 73' lang='grc' dir='ltr'>ι»</span> 
     </span>
    </p>
   </div>
   <div class='ocr_carea' id='block_1_2' title="bbox 384 288 1027 378">
    <p class='ocr_par' dir='ltr' id='par_1_2' title="bbox 384 284 1027 378">
     <span class='ocr_line' id='line_1_5' title="bbox 384 288 1027 378; baseline 0.002 -14"><span class='ocrx_word' id='word_1_11' title='bbox 384 305 746 366; x_wconf 60' lang='grc' dir='ltr'>,Βηῑυετηόυουιω</span> <span class='ocrx_word' id='word_1_12' title='bbox 919 288 924 296; x_wconf 45' lang='grc'><strong>“</strong></span> <span class='ocrx_word' id='word_1_13' title='bbox 986 308 1027 378; x_wconf 60' lang='grc' dir='ltr'>ὕ</span> 
     </span>
    </p>
   </div>
   <div class='ocr_carea' id='block_1_3' title="bbox 98 454 1028 817">
    <p class='ocr_par' dir='ltr' id='par_1_3' title="bbox 98 454 1026 539">
     <span class='ocr_line' id='line_1_6' title="bbox 98 454 1026 539; baseline -0.004 -19"><span class='ocrx_word' id='word_1_14' title='bbox 98 477 209 536; x_wconf 82' lang='lat' dir='ltr'>neque,</span> <span class='ocrx_word' id='word_1_15' title='bbox 218 467 336 536; x_wconf 86' lang='lat' dir='ltr'>propter</span> <span class='ocrx_word' id='word_1_16' title='bbox 348 454 406 518; x_wconf 89' lang='lat' dir='ltr'>loci</span> <span class='ocrx_word' id='word_1_17' title='bbox 420 469 562 530; x_wconf 85' lang='lat' dir='ltr'>naturam,</span> <span class='ocrx_word' id='word_1_18' title='bbox 573 463 689 520; x_wconf 76' lang='lat' dir='ltr'>Cirtam</span> <span class='ocrx_word' id='word_1_19' title='bbox 700 462 789 520; x_wconf 84' lang='lat' dir='ltr'>armis</span> <span class='ocrx_word' id='word_1_20' title='bbox 797 479 966 539; x_wconf 83' lang='lat' dir='ltr'>expugnare</span> <span class='ocrx_word' id='word_1_21' title='bbox 975 480 1026 538; x_wconf 67' lang='lat' dir='ltr'>po.</span> 
     </span>
    </p>

    <p class='ocr_par' dir='ltr' id='par_1_4' title="bbox 99 549 1028 817">
     <span class='ocr_line' id='line_1_7' title="bbox 99 549 1027 629; baseline 0.001 -16"><span class='ocrx_word' id='word_1_22' title='bbox 99 562 183 624; x_wconf 84' lang='lat' dir='ltr'>test,</span> <span class='ocrx_word' id='word_1_23' title='bbox 200 554 286 626; x_wconf 75' lang='lat' dir='ltr'>¹vallo</span> <span class='ocrx_word' id='word_1_24' title='bbox 311 563 395 629; x_wconf 88' lang='lat' dir='ltr'>atque</span> <span class='ocrx_word' id='word_1_25' title='bbox 424 555 503 612; x_wconf 80' lang='lat' dir='ltr'>fossa</span> <span class='ocrx_word' id='word_1_26' title='bbox 529 557 647 612; x_wconf 91' lang='lat' dir='ltr'>moenia</span> <span class='ocrx_word' id='word_1_27' title='bbox 674 549 844 625; x_wconf 81' lang='lat' dir='ltr'>circumdat,</span> <span class='ocrx_word' id='word_1_28' title='bbox 868 555 1027 614; x_wconf 72' lang='lat' dir='ltr'>”turrisex-</span> 
     </span>
     <span class='ocr_line' id='line_1_8' title="bbox 102 648 1027 724; baseline 0.001 -18"><span class='ocrx_word' id='word_1_29' title='bbox 102 648 198 717; x_wconf 83' lang='lat' dir='ltr'>struit,</span> <span class='ocrx_word' id='word_1_30' title='bbox 216 667 324 722; x_wconf 88' lang='lat' dir='ltr'>easque</span> <span class='ocrx_word' id='word_1_31' title='bbox 336 649 488 722; x_wconf 78' lang='lat' dir='ltr'>praesidiis</span> <span class='ocrx_word' id='word_1_32' title='bbox 502 650 617 706; x_wconf 84' lang='lat' dir='ltr'>firmat:</span> <span class='ocrx_word' id='word_1_33' title='bbox 639 659 792 724; x_wconf 90' lang='lat' dir='ltr'>praeterea</span> <span class='ocrx_word' id='word_1_34' title='bbox 819 650 891 719; x_wconf 86' lang='lat' dir='ltr'>dies,</span> <span class='ocrx_word' id='word_1_35' title='bbox 916 659 1027 720; x_wconf 81' lang='lat' dir='ltr'>noctes,</span> 
     </span>
     <span class='ocr_line' id='line_1_9' title="bbox 103 741 1028 817; baseline 0.001 -17"><span class='ocrx_word' id='word_1_36' title='bbox 103 741 154 800; x_wconf 83' lang='lat' dir='ltr'>aut</span> <span class='ocrx_word' id='word_1_37' title='bbox 176 743 307 817; x_wconf 88' lang='lat' dir='ltr'>pervim,</span> <span class='ocrx_word' id='word_1_38' title='bbox 334 752 382 798; x_wconf 89' lang='lat' dir='ltr'>aut</span> <span class='ocrx_word' id='word_1_39' title='bbox 396 743 469 800; x_wconf 84' lang='lat' dir='ltr'>dolis</span> <span class='ocrx_word' id='word_1_40' title='bbox 482 752 615 813; x_wconf 73' lang='lat' dir='ltr'>tentare,</span> <span class='ocrx_word' id='word_1_41' title='bbox 647 743 857 800; x_wconf 80' lang='lat' dir='ltr'>³defensoribus</span> <span class='ocrx_word' id='word_1_42' title='bbox 883 743 1028 802; x_wconf 88' lang='lat' dir='ltr'>moenium</span> 
     </span>
    </p>
   </div>
   <div class='ocr_carea' id='block_1_4' title="bbox 99 836 1027 912">
    <p class='ocr_par' dir='ltr' id='par_1_5' title="bbox 99 836 1027 912">
     <span class='ocr_line' id='line_1_10' title="bbox 99 836 1027 912; baseline 0.005 -21"><span class='ocrx_word' id='word_1_43' title='bbox 99 836 236 912; x_wconf 77' lang='lat' dir='ltr'>&#39;praemia</span> <span class='ocrx_word' id='word_1_44' title='bbox 243 836 338 905; x_wconf 89' lang='lat' dir='ltr'>modo,</span> <span class='ocrx_word' id='word_1_45' title='bbox 358 837 442 894; x_wconf 90' lang='lat' dir='ltr'>modo</span> <span class='ocrx_word' id='word_1_46' title='bbox 453 836 636 896; x_wconf 83' lang='lat' dir='ltr'>formidinem</span> <span class='ocrx_word' id='word_1_47' title='bbox 647 848 809 907; x_wconf 74' lang='lat' dir='ltr'>ostentare,</span> <span class='ocrx_word' id='word_1_48' title='bbox 831 857 900 895; x_wconf 89' lang='lat' dir='ltr'>suos</span> <span class='ocrx_word' id='word_1_49' title='bbox 910 838 1027 896; x_wconf 61' lang='lat' dir='ltr'>hortanss</span> 
     </span>
    </p>
   </div>
   <div class='ocr_carea' id='block_1_5' title="bbox 50 923 1048 1570">
    <p class='ocr_par' dir='ltr' id='par_1_6' title="bbox 50 923 1048 1570">
     <span class='ocr_line' id='line_1_11' title="bbox 101 923 1048 1007; baseline 0.004 -21"><span class='ocrx_word' id='word_1_50' title='bbox 101 929 140 988; x_wconf 93' lang='lat' dir='ltr'>do</span> <span class='ocrx_word' id='word_1_51' title='bbox 155 931 193 987; x_wconf 82' lang='lat' dir='ltr'>ad</span> <span class='ocrx_word' id='word_1_52' title='bbox 208 930 341 986; x_wconf 91' lang='lat' dir='ltr'>virtutem</span> <span class='ocrx_word' id='word_1_53' title='bbox 355 931 486 1007; x_wconf 80' lang='lat' dir='ltr'>erigere3</span> <span class='ocrx_word' id='word_1_54' title='bbox 515 923 634 1006; x_wconf 76' lang='lat' dir='ltr'>prorsus</span> <span class='ocrx_word' id='word_1_55' title='bbox 647 932 774 988; x_wconf 88' lang='lat' dir='ltr'>intentus</span> <span class='ocrx_word' id='word_1_56' title='bbox 788 940 896 988; x_wconf 83' lang='lat' dir='ltr'>cuncta</span> <span class='ocrx_word' id='word_1_57' title='bbox 909 943 1025 1006; x_wconf 75' lang='lat' dir='ltr'>parare.</span> <span class='ocrx_word' id='word_1_58' title='bbox 1043 961 1048 968; x_wconf 26' lang='grc' dir='ltr'><em>Α</em></span> 
     </span>
     <span class='ocr_line' id='line_1_12' title="bbox 102 1023 1028 1102; baseline 0.002 -20"><span class='ocrx_word' id='word_1_59' title='bbox 102 1023 262 1093; x_wconf 83' lang='lat' dir='ltr'>Adherbal,</span> <span class='ocrx_word' id='word_1_60' title='bbox 278 1025 326 1082; x_wconf 89' lang='lat' dir='ltr'>ubi</span> <span class='ocrx_word' id='word_1_61' title='bbox 336 1025 479 1102; x_wconf 84' lang='lat' dir='ltr'>intellegit</span> <span class='ocrx_word' id='word_1_62' title='bbox 502 1026 597 1084; x_wconf 90' lang='lat' dir='ltr'>omnis</span> <span class='ocrx_word' id='word_1_63' title='bbox 619 1044 687 1081; x_wconf 88' lang='lat' dir='ltr'>suas</span> <span class='ocrx_word' id='word_1_64' title='bbox 703 1025 835 1082; x_wconf 81' lang='lat' dir='ltr'>fortunas</span> <span class='ocrx_word' id='word_1_65' title='bbox 853 1027 884 1082; x_wconf 94' lang='lat' dir='ltr'>in</span> <span class='ocrx_word' id='word_1_66' title='bbox 898 1035 1028 1084; x_wconf 83' lang='lat' dir='ltr'>extremo</span> 
     </span>
     <span class='ocr_line' id='line_1_13' title="bbox 102 1119 1027 1192; baseline -0.001 -16"><span class='ocrx_word' id='word_1_67' title='bbox 102 1119 185 1187; x_wconf 82' lang='lat' dir='ltr'>sitas,</span> <span class='ocrx_word' id='word_1_68' title='bbox 196 1119 307 1177; x_wconf 85' lang='lat' dir='ltr'><strong>hostem</strong></span> <span class='ocrx_word' id='word_1_69' title='bbox 322 1119 467 1187; x_wconf 81' lang='lat' dir='ltr'>infestum,</span> <span class='ocrx_word' id='word_1_70' title='bbox 493 1119 592 1174; x_wconf 80' lang='lat' dir='ltr'>auxilii</span> <span class='ocrx_word' id='word_1_71' title='bbox 607 1137 689 1192; x_wconf 85' lang='lat' dir='ltr'>spem</span> <span class='ocrx_word' id='word_1_72' title='bbox 707 1119 826 1186; x_wconf 85' lang='lat' dir='ltr'>nullam,</span> <span class='ocrx_word' id='word_1_73' title='bbox 837 1120 970 1192; x_wconf 82' lang='lat' dir='ltr'>penuria</span> <span class='ocrx_word' id='word_1_74' title='bbox 983 1137 1027 1184; x_wconf 55' lang='lat' dir='ltr'>re,-</span> 
     </span>
     <span class='ocr_line' id='line_1_14' title="bbox 105 1212 1028 1286; baseline -0.004 -14"><span class='ocrx_word' id='word_1_75' title='bbox 105 1231 172 1272; x_wconf 89' lang='lat' dir='ltr'>rum</span> <span class='ocrx_word' id='word_1_76' title='bbox 185 1213 417 1270; x_wconf 85' lang='lat' dir='ltr'>necessariarum</span> <span class='ocrx_word' id='word_1_77' title='bbox 432 1212 538 1270; x_wconf 79' lang='lat' dir='ltr'>b&#39;ellum</span> <span class='ocrx_word' id='word_1_78' title='bbox 558 1212 634 1271; x_wconf 89' lang='lat' dir='ltr'>trahi</span> <span class='ocrx_word' id='word_1_79' title='bbox 646 1232 706 1269; x_wconf 91' lang='lat' dir='ltr'>non</span> <span class='ocrx_word' id='word_1_80' title='bbox 719 1231 823 1286; x_wconf 82' lang='lat' dir='ltr'>posse3</span> <span class='ocrx_word' id='word_1_81' title='bbox 846 1232 884 1269; x_wconf 80' lang='lat' dir='ltr'>er</span> <span class='ocrx_word' id='word_1_82' title='bbox 905 1213 960 1281; x_wconf 88' lang='lat' dir='ltr'>his,</span> <span class='ocrx_word' id='word_1_83' title='bbox 980 1213 1028 1286; x_wconf 87' lang='lat' dir='ltr'>qni</span> 
     </span>
     <span class='ocr_line' id='line_1_15' title="bbox 98 1294 1028 1388; baseline 0 -24"><span class='ocrx_word' id='word_1_84' title='bbox 98 1327 163 1388; x_wconf 84' lang='lat' dir='ltr'>una</span> <span class='ocrx_word' id='word_1_85' title='bbox 177 1294 288 1364; x_wconf 82' lang='lat' dir='ltr'>Cirtam</span> <span class='ocrx_word' id='word_1_86' title='bbox 302 1307 497 1384; x_wconf 82' lang='lat' dir='ltr'>profugerant,</span> <span class='ocrx_word' id='word_1_87' title='bbox 512 1307 569 1364; x_wconf 89' lang='lat' dir='ltr'>duo</span> <span class='ocrx_word' id='word_1_88' title='bbox 584 1325 720 1364; x_wconf 83' lang='lat' dir='ltr'>maxume</span> <span class='ocrx_word' id='word_1_89' title='bbox 733 1307 882 1382; x_wconf 84' lang='lat' dir='ltr'>impigros,</span> <span class='ocrx_word' id='word_1_90' title='bbox 909 1307 1028 1383; x_wconf 82' lang='lat' dir='ltr'>delegit,</span> 
     </span>
     <span class='ocr_line' id='line_1_16' title="bbox 50 1401 1028 1476; baseline -0.002 -16"><span class='ocrx_word' id='word_1_91' title='bbox 50 1403 56 1412; x_wconf 86' lang='lat'>&#39;</span> <span class='ocrx_word' id='word_1_92' title='bbox 104 1421 167 1472; x_wconf 87' lang='lat' dir='ltr'>eos,</span> <span class='ocrx_word' id='word_1_93' title='bbox 181 1403 271 1458; x_wconf 82' lang='lat' dir='ltr'>multa</span> <span class='ocrx_word' id='word_1_94' title='bbox 284 1401 463 1476; x_wconf 87' lang='lat' dir='ltr'>pollicendo,</span> <span class='ocrx_word' id='word_1_95' title='bbox 472 1421 508 1458; x_wconf 89' lang='lat' dir='ltr'>ac</span> <span class='ocrx_word' id='word_1_96' title='bbox 522 1402 688 1470; x_wconf 84' lang='lat' dir='ltr'>miserando</span> <span class='ocrx_word' id='word_1_97' title='bbox 705 1420 805 1458; x_wconf 86' lang='lat' dir='ltr'>casum</span> <span class='ocrx_word' id='word_1_98' title='bbox 815 1421 908 1469; x_wconf 85' lang='lat' dir='ltr'>suum,</span> <span class='ocrx_word' id='word_1_99' title='bbox 923 1403 1028 1458; x_wconf 86' lang='lat' dir='ltr'>confir·</span> 
     </span>
     <span class='ocr_line' id='line_1_17' title="bbox 101 1495 1028 1570; baseline -0.004 -14"><span class='ocrx_word' id='word_1_100' title='bbox 101 1507 173 1566; x_wconf 90' lang='lat' dir='ltr'>mat,</span> <span class='ocrx_word' id='word_1_101' title='bbox 183 1497 224 1553; x_wconf 91' lang='lat' dir='ltr'>uti</span> <span class='ocrx_word' id='word_1_102' title='bbox 234 1499 286 1570; x_wconf 87' lang='lat' dir='ltr'>per</span> <span class='ocrx_word' id='word_1_103' title='bbox 293 1496 416 1552; x_wconf 83' lang='lat' dir='ltr'>hostium</span> <span class='ocrx_word' id='word_1_104' title='bbox 427 1497 600 1553; x_wconf 86' lang='lat' dir='ltr'>munitiones</span> <span class='ocrx_word' id='word_1_105' title='bbox 610 1506 699 1552; x_wconf 87' lang='lat' dir='ltr'>noctu</span> <span class='ocrx_word' id='word_1_106' title='bbox 708 1495 746 1551; x_wconf 85' lang='lat' dir='ltr'>ad</span> <span class='ocrx_word' id='word_1_107' title='bbox 756 1513 927 1568; x_wconf 84' lang='lat' dir='ltr'>proxumum</span> <span class='ocrx_word' id='word_1_108' title='bbox 936 1514 1028 1566; x_wconf 85' lang='lat' dir='ltr'>mare,</span> 
     </span>
    </p>
   </div>
   <div class='ocr_carea' id='block_1_6' title="bbox 7 1590 487 1666">
    <p class='ocr_par' dir='ltr' id='par_1_7' title="bbox 7 1590 487 1666">
     <span class='ocr_line' id='line_1_18' title="bbox 7 1590 487 1666; baseline -0.017 -12"><span class='ocrx_word' id='word_1_109' title='bbox 7 1647 11 1654; x_wconf 95' lang='lat'><em>.</em></span> <span class='ocrx_word' id='word_1_110' title='bbox 101 1593 172 1652; x_wconf 92' lang='lat' dir='ltr'>dein</span> <span class='ocrx_word' id='word_1_111' title='bbox 183 1590 307 1648; x_wconf 83' lang='lat' dir='ltr'>Romam</span> <span class='ocrx_word' id='word_1_112' title='bbox 321 1599 487 1666; x_wconf 85' lang='lat' dir='ltr'>pergerent.</span> 
     </span>
    </p>
   </div>
   <div class='ocr_carea' id='block_1_7' title="bbox 5 1683 1082 2805">
    <p class='ocr_par' dir='ltr' id='par_1_8' title="bbox 5 1683 1082 2805">
     <span class='ocr_line' id='line_1_19' title="bbox 143 1683 1028 1760; baseline 0.003 -16"><span class='ocrx_word' id='word_1_113' title='bbox 143 1683 251 1744; x_wconf 88' lang='lat' dir='ltr'>XXIV.</span> <span class='ocrx_word' id='word_1_114' title='bbox 267 1686 417 1742; x_wconf 72' lang='lat' dir='ltr'>Numana</span> <span class='ocrx_word' id='word_1_115' title='bbox 427 1685 528 1759; x_wconf 84' lang='lat' dir='ltr'>paucis</span> <span class='ocrx_word' id='word_1_116' title='bbox 542 1684 644 1742; x_wconf 88' lang='lat' dir='ltr'>diebus</span> <span class='ocrx_word' id='word_1_117' title='bbox 651 1685 734 1760; x_wconf 90' lang='lat' dir='ltr'>jussa</span> <span class='ocrx_word' id='word_1_118' title='bbox 745 1685 890 1744; x_wconf 72' lang='lat' dir='ltr'>efficiuntt</span> <span class='ocrx_word' id='word_1_119' title='bbox 912 1687 1028 1747; x_wconf 80' lang='lat' dir='ltr'>litterae</span> 
     </span>
     <span class='ocr_line' id='line_1_20' title="bbox 102 1780 1028 1854; baseline 0.003 -15"><span class='ocrx_word' id='word_1_120' title='bbox 102 1781 280 1840; x_wconf 80' lang='lat' dir='ltr'>Adherbalis</span> <span class='ocrx_word' id='word_1_121' title='bbox 306 1780 337 1836; x_wconf 88' lang='lat' dir='ltr'>in</span> <span class='ocrx_word' id='word_1_122' title='bbox 364 1789 466 1836; x_wconf 87' lang='lat' dir='ltr'>senatu</span> <span class='ocrx_word' id='word_1_123' title='bbox 493 1781 645 1850; x_wconf 81' lang='lat' dir='ltr'>recitatae,</span> <span class='ocrx_word' id='word_1_124' title='bbox 657 1800 778 1854; x_wconf 88' lang='lat' dir='ltr'>quarum</span> <span class='ocrx_word' id='word_1_125' title='bbox 791 1782 939 1842; x_wconf 85' lang='lat' dir='ltr'>sententia</span> <span class='ocrx_word' id='word_1_126' title='bbox 952 1785 1028 1842; x_wconf 87' lang='lat' dir='ltr'>haec</span> 
     </span>
     <span class='ocr_line' id='line_1_21' title="bbox 101 1875 1082 1949; baseline 0.002 -16"><span class='ocrx_word' id='word_1_127' title='bbox 101 1875 166 1934; x_wconf 87' lang='lat' dir='ltr'>fuit.</span> <span class='ocrx_word' id='word_1_128' title='bbox 209 1875 306 1932; x_wconf 88' lang='lat' dir='ltr'>“Non</span> <span class='ocrx_word' id='word_1_129' title='bbox 330 1893 397 1930; x_wconf 89' lang='lat' dir='ltr'>mea</span> <span class='ocrx_word' id='word_1_130' title='bbox 425 1875 512 1948; x_wconf 86' lang='lat' dir='ltr'>culpa</span> <span class='ocrx_word' id='word_1_131' title='bbox 539 1892 628 1949; x_wconf 80' lang='lat' dir='ltr'>saepe</span> <span class='ocrx_word' id='word_1_132' title='bbox 656 1876 694 1932; x_wconf 88' lang='lat' dir='ltr'>ad</span> <span class='ocrx_word' id='word_1_133' title='bbox 721 1895 773 1933; x_wconf 84' lang='lat' dir='ltr'>vos</span> <span class='ocrx_word' id='word_1_134' title='bbox 801 1887 913 1934; x_wconf 89' lang='lat' dir='ltr'>oratum</span> <span class='ocrx_word' id='word_1_135' title='bbox 936 1878 1028 1947; x_wconf 85' lang='lat' dir='ltr'>mitto,</span> <span class='ocrx_word' id='word_1_136' title='bbox 1081 1941 1082 1944; x_wconf 8' lang='grc' dir='ltr'><strong>Ἴ</strong></span> 
     </span>
     <span class='ocr_line' id='line_1_22' title="bbox 102 1968 1030 2046; baseline 0.002 -18"><span class='ocrx_word' id='word_1_137' title='bbox 102 1970 205 2028; x_wconf 87' lang='lat' dir='ltr'>Patres</span> <span class='ocrx_word' id='word_1_138' title='bbox 219 1968 385 2045; x_wconf 85' lang='lat' dir='ltr'>conscripti,</span> <span class='ocrx_word' id='word_1_139' title='bbox 401 1969 453 2026; x_wconf 86' lang='lat' dir='ltr'>sed</span> <span class='ocrx_word' id='word_1_140' title='bbox 468 1969 511 2026; x_wconf 87' lang='lat' dir='ltr'>vis</span> <span class='ocrx_word' id='word_1_141' title='bbox 522 1970 684 2046; x_wconf 65' lang='lat' dir='ltr'>,iugurthae</span> <span class='ocrx_word' id='word_1_142' title='bbox 699 1971 824 2046; x_wconf 83' lang='lat' dir='ltr'>subigit:</span> <span class='ocrx_word' id='word_1_143' title='bbox 846 1991 933 2045; x_wconf 90' lang='lat' dir='ltr'>quem</span> <span class='ocrx_word' id='word_1_144' title='bbox 947 1981 1030 2030; x_wconf 83' lang='lat' dir='ltr'>tanta</span> 
     </span>
     <span class='ocr_line' id='line_1_23' title="bbox 102 2064 1028 2140; baseline -0.008 -18"><span class='ocrx_word' id='word_1_145' title='bbox 102 2064 203 2123; x_wconf 86' lang='lat' dir='ltr'>lubido</span> <span class='ocrx_word' id='word_1_146' title='bbox 217 2064 418 2140; x_wconf 84' lang='lat' dir='ltr'>exstinguendi</span> <span class='ocrx_word' id='word_1_147' title='bbox 432 2082 479 2120; x_wconf 89' lang='lat' dir='ltr'>me</span> <span class='ocrx_word' id='word_1_148' title='bbox 491 2065 606 2133; x_wconf 86' lang='lat' dir='ltr'>invasit,</span> <span class='ocrx_word' id='word_1_149' title='bbox 629 2065 670 2120; x_wconf 87' lang='lat' dir='ltr'>uti</span> <span class='ocrx_word' id='word_1_150' title='bbox 684 2070 780 2137; x_wconf 82' lang='lat' dir='ltr'>neque</span> <span class='ocrx_word' id='word_1_151' title='bbox 794 2083 856 2132; x_wconf 85' lang='lat' dir='ltr'>ros,</span> <span class='ocrx_word' id='word_1_152' title='bbox 871 2082 964 2138; x_wconf 86' lang='lat' dir='ltr'>neque</span> <span class='ocrx_word' id='word_1_153' title='bbox 979 2066 1028 2125; x_wconf 90' lang='lat' dir='ltr'>de.</span> 
     </span>
     <span class='ocr_line' id='line_1_24' title="bbox 104 2158 1029 2235; baseline -0.002 -18"><span class='ocrx_word' id='word_1_154' title='bbox 104 2178 136 2217; x_wconf 83' lang='lat' dir='ltr'>os</span> <span class='ocrx_word' id='word_1_155' title='bbox 146 2160 317 2217; x_wconf 88' lang='lat' dir='ltr'>immortalis</span> <span class='ocrx_word' id='word_1_156' title='bbox 327 2158 367 2215; x_wconf 84' lang='lat' dir='ltr'>⁴in</span> <span class='ocrx_word' id='word_1_157' title='bbox 378 2159 474 2215; x_wconf 91' lang='lat' dir='ltr'>animo</span> <span class='ocrx_word' id='word_1_158' title='bbox 485 2159 609 2229; x_wconf 84' lang='lat' dir='ltr'>habeat3</span> <span class='ocrx_word' id='word_1_159' title='bbox 631 2159 805 2235; x_wconf 82' lang='lat' dir='ltr'>sanguinem</span> <span class='ocrx_word' id='word_1_160' title='bbox 815 2177 923 2229; x_wconf 87' lang='lat' dir='ltr'>meum,</span> <span class='ocrx_word' id='word_1_161' title='bbox 932 2160 1029 2235; x_wconf 82' lang='lat' dir='ltr'>⁵quam</span> 
     </span>
     <span class='ocr_line' id='line_1_25' title="bbox 5 2235 1031 2329; baseline 0 -16"><span class='ocrx_word' id='word_1_162' title='bbox 5 2235 10 2289; x_wconf 68' lang='lat' dir='ltr'>l</span> <span class='ocrx_word' id='word_1_163' title='bbox 102 2255 211 2324; x_wconf 88' lang='lat' dir='ltr'>omnia,</span> <span class='ocrx_word' id='word_1_164' title='bbox 227 2254 318 2311; x_wconf 88' lang='lat' dir='ltr'>malit.</span> <span class='ocrx_word' id='word_1_165' title='bbox 361 2252 461 2327; x_wconf 87' lang='lat' dir='ltr'>ltaque</span> <span class='ocrx_word' id='word_1_166' title='bbox 486 2251 618 2327; x_wconf 88' lang='lat' dir='ltr'>quintum</span> <span class='ocrx_word' id='word_1_167' title='bbox 637 2254 701 2329; x_wconf 90' lang='lat' dir='ltr'>jam</span> <span class='ocrx_word' id='word_1_168' title='bbox 721 2273 862 2324; x_wconf 86' lang='lat' dir='ltr'>mensem,</span> <span class='ocrx_word' id='word_1_169' title='bbox 890 2255 987 2312; x_wconf 86' lang='lat' dir='ltr'>socius</span> <span class='ocrx_word' id='word_1_170' title='bbox 1000 2266 1031 2313; x_wconf 89' lang='lat' dir='ltr'>et</span> 
     </span>
     <span class='ocr_line' id='line_1_26' title="bbox 103 2337 1030 2423; baseline 0 -16"><span class='ocrx_word' id='word_1_171' title='bbox 103 2349 218 2407; x_wconf 84' lang='lat' dir='ltr'>amicus</span> <span class='ocrx_word' id='word_1_172' title='bbox 246 2348 342 2423; x_wconf 93' lang='lat' dir='ltr'>populi</span> <span class='ocrx_word' id='word_1_173' title='bbox 368 2347 503 2416; x_wconf 87' lang='lat' dir='ltr'>Romani,</span> <span class='ocrx_word' id='word_1_174' title='bbox 530 2349 618 2407; x_wconf 87' lang='lat' dir='ltr'>armis</span> <span class='ocrx_word' id='word_1_175' title='bbox 636 2337 773 2406; x_wconf 81' lang='lat' dir='ltr'>obsessus</span> <span class='ocrx_word' id='word_1_176' title='bbox 786 2358 913 2407; x_wconf 86' lang='lat' dir='ltr'>teneor:</span> <span class='ocrx_word' id='word_1_177' title='bbox 934 2368 1030 2423; x_wconf 87' lang='lat' dir='ltr'>neque</span> 
     </span>
     <span class='ocr_line' id='line_1_27' title="bbox 103 2442 1029 2519; baseline 0.001 -17"><span class='ocrx_word' id='word_1_178' title='bbox 103 2444 173 2503; x_wconf 90' lang='lat' dir='ltr'>mihi</span> <span class='ocrx_word' id='word_1_179' title='bbox 185 2442 328 2518; x_wconf 83' lang='lat' dir='ltr'>Micipsae</span> <span class='ocrx_word' id='word_1_180' title='bbox 338 2442 427 2519; x_wconf 69' lang='lat' dir='ltr'>patris</span> <span class='ocrx_word' id='word_1_181' title='bbox 438 2442 594 2511; x_wconf 84' lang='lat' dir='ltr'>beneficia,</span> <span class='ocrx_word' id='word_1_182' title='bbox 605 2462 700 2517; x_wconf 88' lang='lat' dir='ltr'>neque</span> <span class='ocrx_word' id='word_1_183' title='bbox 711 2453 809 2501; x_wconf 85' lang='lat' dir='ltr'>vestra</span> <span class='ocrx_word' id='word_1_184' title='bbox 818 2444 941 2501; x_wconf 83' lang='lat' dir='ltr'>decreta</span> <span class='ocrx_word' id='word_1_185' title='bbox 950 2444 1029 2503; x_wconf 78' lang='lat' dir='ltr'>auxi-</span> 
     </span>
     <span class='ocr_line' id='line_1_28' title="bbox 104 2521 1028 2615; baseline -0.003 -17"><span class='ocrx_word' id='word_1_186' title='bbox 104 2521 339 2615; x_wconf 17' lang='lat' dir='ltr'>lianturzlserro,</span> <span class='ocrx_word' id='word_1_187' title='bbox 369 2557 406 2593; x_wconf 87' lang='lat' dir='ltr'>an</span> <span class='ocrx_word' id='word_1_188' title='bbox 420 2536 497 2594; x_wconf 87' lang='lat' dir='ltr'>fame</span> <span class='ocrx_word' id='word_1_189' title='bbox 525 2537 622 2593; x_wconf 83' lang='lat' dir='ltr'>acrius</span> <span class='ocrx_word' id='word_1_190' title='bbox 643 2538 789 2611; x_wconf 76' lang='lat' dir='ltr'>⁰urgueor,</span> <span class='ocrx_word' id='word_1_191' title='bbox 811 2538 940 2593; x_wconf 88' lang='lat' dir='ltr'>incertus</span> <span class='ocrx_word' id='word_1_192' title='bbox 954 2556 1028 2598; x_wconf 77' lang='lat' dir='ltr'>sum.</span> 
     </span>
     <span class='ocr_line' id='line_1_29' title="bbox 104 2629 1028 2709; baseline -0.004 -17"><span class='ocrx_word' id='word_1_193' title='bbox 104 2634 202 2693; x_wconf 72' lang='lat' dir='ltr'>&#39;Plura</span> <span class='ocrx_word' id='word_1_194' title='bbox 229 2634 266 2689; x_wconf 92' lang='lat' dir='ltr'>de</span> <span class='ocrx_word' id='word_1_195' title='bbox 290 2632 436 2709; x_wconf 84' lang='lat' dir='ltr'>Jugurtha</span> <span class='ocrx_word' id='word_1_196' title='bbox 462 2632 591 2689; x_wconf 82' lang='lat' dir='ltr'>scribere</span> <span class='ocrx_word' id='word_1_197' title='bbox 620 2631 787 2695; x_wconf 88' lang='lat' dir='ltr'>dehortatur</span> <span class='ocrx_word' id='word_1_198' title='bbox 809 2629 925 2686; x_wconf 80' lang='lat' dir='ltr'>fortuna</span> <span class='ocrx_word' id='word_1_199' title='bbox 938 2648 1028 2688; x_wconf 83' lang='lat' dir='ltr'>mea:</span> 
     </span>
     <span class='ocr_line' id='line_1_30' title="bbox 108 2722 1029 2805; baseline -0.004 -17"><span class='ocrx_word' id='word_1_200' title='bbox 108 2728 195 2788; x_wconf 81' lang='lat' dir='ltr'>etiam</span> <span class='ocrx_word' id='word_1_201' title='bbox 223 2737 310 2785; x_wconf 88' lang='lat' dir='ltr'>antea</span> <span class='ocrx_word' id='word_1_202' title='bbox 337 2736 473 2802; x_wconf 81' lang='lat' dir='ltr'>expertus</span> <span class='ocrx_word' id='word_1_203' title='bbox 501 2746 575 2795; x_wconf 89' lang='lat' dir='ltr'>sum,</span> <span class='ocrx_word' id='word_1_204' title='bbox 603 2723 786 2805; x_wconf 81' lang='lat' dir='ltr'>parumfidei</span> <span class='ocrx_word' id='word_1_205' title='bbox 812 2722 928 2781; x_wconf 87' lang='lat' dir='ltr'>miseris</span> <span class='ocrx_word' id='word_1_206' title='bbox 941 2730 1029 2783; x_wconf 82' lang='lat' dir='ltr'>esse:</span> 
     </span>
    </p>
   </div>
   <div class='ocr_carea' id='block_1_8' title="bbox 5 2822 1070 3098">
    <p class='ocr_par' dir='ltr' id='par_1_9' title="bbox 5 2822 1070 3098">
     <span class='ocr_line' id='line_1_31' title="bbox 5 2822 1070 2899; baseline 0 -17"><span class='ocrx_word' id='word_1_207' title='bbox 5 2859 13 2882; x_wconf 64' lang='grc' dir='ltr'>ι</span> <span class='ocrx_word' id='word_1_208' title='bbox 105 2824 170 2882; x_wconf 74' lang='lat' dir='ltr'>&#39;nisi</span> <span class='ocrx_word' id='word_1_209' title='bbox 183 2832 283 2881; x_wconf 86' lang='lat' dir='ltr'>tamen</span> <span class='ocrx_word' id='word_1_210' title='bbox 293 2822 442 2899; x_wconf 80' lang='lat' dir='ltr'>intellego,</span> <span class='ocrx_word' id='word_1_211' title='bbox 456 2822 538 2879; x_wconf 90' lang='lat' dir='ltr'>illum</span> <span class='ocrx_word' id='word_1_212' title='bbox 553 2837 650 2897; x_wconf 87' lang='lat' dir='ltr'>supra,</span> <span class='ocrx_word' id='word_1_213' title='bbox 665 2837 751 2895; x_wconf 89' lang='lat' dir='ltr'>quarn</span> <span class='ocrx_word' id='word_1_214' title='bbox 762 2839 819 2898; x_wconf 84' lang='lat' dir='ltr'>ego</span> <span class='ocrx_word' id='word_1_215' title='bbox 829 2838 903 2890; x_wconf 88' lang='lat' dir='ltr'>sum,</span> <span class='ocrx_word' id='word_1_216' title='bbox 917 2830 1029 2896; x_wconf 79' lang='lat' dir='ltr'>petere,</span> <span class='ocrx_word' id='word_1_217' title='bbox 1058 2842 1070 2859; x_wconf 65' lang='lat'>⁸</span> 
     </span>
     <span class='ocr_line' id='line_1_32' title="bbox 5 2916 1032 2994; baseline -0.005 -16"><span class='ocrx_word' id='word_1_218' title='bbox 5 2933 9 2961; x_wconf 62' lang='lat' dir='ltr'>&#39;r</span> <span class='ocrx_word' id='word_1_219' title='bbox 106 2936 199 2994; x_wconf 82' lang='lat' dir='ltr'>neque</span> <span class='ocrx_word' id='word_1_220' title='bbox 209 2918 293 2975; x_wconf 87' lang='lat' dir='ltr'>simul</span> <span class='ocrx_word' id='word_1_221' title='bbox 305 2916 461 2974; x_wconf 83' lang='lat' dir='ltr'>amicitiam</span> <span class='ocrx_word' id='word_1_222' title='bbox 472 2925 608 2986; x_wconf 84' lang='lat' dir='ltr'>vestram,</span> <span class='ocrx_word' id='word_1_223' title='bbox 617 2925 647 2973; x_wconf 88' lang='lat' dir='ltr'>et</span> <span class='ocrx_word' id='word_1_224' title='bbox 656 2934 779 2993; x_wconf 86' lang='lat' dir='ltr'>regnum</span> <span class='ocrx_word' id='word_1_225' title='bbox 787 2935 885 2973; x_wconf 86' lang='lat' dir='ltr'>meam</span> <span class='ocrx_word' id='word_1_226' title='bbox 894 2935 1032 2992; x_wconf 69' lang='lat' dir='ltr'>sperares</span> 
     </span>
     <span class='ocr_line' id='line_1_33' title="bbox 6 3010 1032 3098; baseline 0.002 -29"><span class='ocrx_word' id='word_1_227' title='bbox 6 3089 9 3098; x_wconf 37' lang='grc' dir='ltr'>Ι</span> <span class='ocrx_word' id='word_1_228' title='bbox 107 3020 199 3071; x_wconf 84' lang='lat' dir='ltr'>utrum</span> <span class='ocrx_word' id='word_1_229' title='bbox 222 3012 350 3089; x_wconf 73' lang='lat' dir='ltr'>⁹gravius</span> <span class='ocrx_word' id='word_1_230' title='bbox 377 3011 540 3081; x_wconf 81' lang='lat' dir='ltr'>existumet,</span> <span class='ocrx_word' id='word_1_231' title='bbox 565 3010 675 3068; x_wconf 88' lang='lat' dir='ltr'>nemini</span> <span class='ocrx_word' id='word_1_232' title='bbox 696 3011 842 3068; x_wconf 82' lang='lat' dir='ltr'>oecultum</span> <span class='ocrx_word' id='word_1_233' title='bbox 855 3021 910 3068; x_wconf 87' lang='lat' dir='ltr'>est.</span> <span class='ocrx_word' id='word_1_234' title='bbox 937 3010 1032 3071; x_wconf 81' lang='lat' dir='ltr'>&#39;Nam</span> 
     </span>
    </p>
   </div>
   <div class='ocr_carea' id='block_1_9' title="bbox 66 3105 1031 3469">
    <p class='ocr_par' dir='ltr' id='par_1_10' title="bbox 66 3105 1031 3469">
     <span class='ocr_line' id='line_1_34' title="bbox 108 3105 1031 3184; baseline 0.002 -19"><span class='ocrx_word' id='word_1_235' title='bbox 108 3106 187 3166; x_wconf 85' lang='lat' dir='ltr'>initio</span> <span class='ocrx_word' id='word_1_236' title='bbox 205 3106 314 3165; x_wconf 87' lang='lat' dir='ltr'>occidit</span> <span class='ocrx_word' id='word_1_237' title='bbox 333 3106 544 3183; x_wconf 85' lang='lat' dir='ltr'>Hiempsalem,</span> <span class='ocrx_word' id='word_1_238' title='bbox 569 3105 689 3163; x_wconf 73' lang='lat' dir='ltr'>fratrem</span> <span class='ocrx_word' id='word_1_239' title='bbox 709 3124 825 3176; x_wconf 83' lang='lat' dir='ltr'>meum3</span> <span class='ocrx_word' id='word_1_240' title='bbox 847 3106 916 3164; x_wconf 90' lang='lat' dir='ltr'>dein</span> <span class='ocrx_word' id='word_1_241' title='bbox 937 3106 1031 3184; x_wconf 85' lang='lat' dir='ltr'>patrio</span> 
     </span>
     <span class='ocr_line' id='line_1_35' title="bbox 66 3194 1031 3281; baseline 0 -18"><span class='ocrx_word' id='word_1_242' title='bbox 66 3194 70 3201; x_wconf 44' lang='lat'><strong>⁴</strong></span> <span class='ocrx_word' id='word_1_243' title='bbox 108 3220 198 3281; x_wconf 77' lang='lat' dir='ltr'>regno</span> <span class='ocrx_word' id='word_1_244' title='bbox 210 3214 269 3261; x_wconf 80' lang='lat' dir='ltr'>me·</span> <span class='ocrx_word' id='word_1_245' title='bbox 281 3200 390 3277; x_wconf 84' lang='lat' dir='ltr'>expulit</span> <span class='ocrx_word' id='word_1_246' title='bbox 401 3202 544 3276; x_wconf 79' lang='lat' dir='ltr'>:···¹⁰quae</span> <span class='ocrx_word' id='word_1_247' title='bbox 560 3219 631 3257; x_wconf 86' lang='lat' dir='ltr'>sane</span> <span class='ocrx_word' id='word_1_248' title='bbox 645 3199 753 3259; x_wconf 84' lang='lat' dir='ltr'>fuerint</span> <span class='ocrx_word' id='word_1_249' title='bbox 765 3208 883 3259; x_wconf 85' lang='lat' dir='ltr'>nostrae</span> <span class='ocrx_word' id='word_1_250' title='bbox 896 3202 1031 3279; x_wconf 70' lang='lat' dir='ltr'>injuriae,</span> 
     </span>
     <span class='ocr_line' id='line_1_36' title="bbox 107 3296 1030 3374; baseline -0.002 -19"><span class='ocrx_word' id='word_1_251' title='bbox 107 3296 177 3355; x_wconf 83' lang='lat' dir='ltr'>nihil</span> <span class='ocrx_word' id='word_1_252' title='bbox 192 3297 301 3357; x_wconf 86' lang='lat' dir='ltr'>advos.</span> <span class='ocrx_word' id='word_1_253' title='bbox 342 3296 453 3355; x_wconf 86' lang='lat' dir='ltr'>Verum</span> <span class='ocrx_word' id='word_1_254' title='bbox 467 3314 545 3353; x_wconf 85' lang='lat' dir='ltr'>nunc</span> <span class='ocrx_word' id='word_1_255' title='bbox 559 3304 688 3355; x_wconf 81' lang='lat' dir='ltr'>vestrum</span> <span class='ocrx_word' id='word_1_256' title='bbox 701 3314 827 3374; x_wconf 72' lang='lat' dir='ltr'>regnum</span> <span class='ocrx_word' id='word_1_257' title='bbox 836 3298 1030 3359; x_wconf 72' lang='lat' dir='ltr'>armistenetz</span> 
     </span>
     <span class='ocr_line' id='line_1_37' title="bbox 107 3388 1031 3469; baseline 0.004 -20"><span class='ocrx_word' id='word_1_258' title='bbox 107 3408 164 3461; x_wconf 84' lang='lat' dir='ltr'>me,</span> <span class='ocrx_word' id='word_1_259' title='bbox 178 3410 265 3467; x_wconf 86' lang='lat' dir='ltr'>quem</span> <span class='ocrx_word' id='word_1_260' title='bbox 279 3394 486 3469; x_wconf 86' lang='lat' dir='ltr'>imperatorem</span> <span class='ocrx_word' id='word_1_261' title='bbox 500 3390 636 3449; x_wconf 85' lang='lat' dir='ltr'>Numidis</span> <span class='ocrx_word' id='word_1_262' title='bbox 654 3392 802 3466; x_wconf 81' lang='lat' dir='ltr'>posuistis,</span> <span class='ocrx_word' id='word_1_263' title='bbox 816 3393 947 3449; x_wconf 74' lang='lat' dir='ltr'>eleusium</span> <span class='ocrx_word' id='word_1_264' title='bbox 960 3388 1031 3453; x_wconf 70' lang='lat' dir='ltr'>”ob-</span> 
     </span>
    </p>
   </div>
   <div class='ocr_carea' id='block_1_10' title="bbox 107 3472 1031 3618">
    <p class='ocr_par' dir='ltr' id='par_1_11' title="bbox 107 3472 1031 3618">
     <span class='ocr_line' id='line_1_38' title="bbox 107 3472 1031 3618; baseline -0.004 -71"><span class='ocrx_word' id='word_1_265' title='bbox 107 3482 203 3557; x_wconf 68' lang='lat' dir='ltr'>ddetr</span> <span class='ocrx_word' id='word_1_266' title='bbox 224 3488 387 3565; x_wconf 79' lang='lat' dir='ltr'>legatorum</span> <span class='ocrx_word' id='word_1_267' title='bbox 400 3472 604 3618; x_wconf 29' lang='lat' dir='ltr'>Velm-quaa?</span> <span class='ocrx_word' id='word_1_268' title='bbox 617 3484 731 3555; x_wconf 83' lang='lat' dir='ltr'>lecerit,</span> <span class='ocrx_word' id='word_1_269' title='bbox 750 3485 881 3562; x_wconf 83' lang='lat' dir='ltr'>pericula</span> <span class='ocrx_word' id='word_1_270' title='bbox 901 3475 1031 3543; x_wconf 70' lang='lat' dir='ltr'>meede·</span> 
     </span>
    </p>
   </div>
   <div class='ocr_carea' id='block_1_11' title="bbox 0 0 1142 4050">
    <p class='ocr_par' dir='ltr' id='par_1_12' title="bbox 0 0 1142 4050">
     <span class='ocr_line' id='line_1_39' title="bbox 0 0 1142 4050; baseline 0 0"><span class='ocrx_word' id='word_1_271' title='bbox 0 0 1142 4050; x_wconf 95' lang='lat' dir='ltr'> </span> 
     </span>
    </p>
   </div>
  </div>
 </body>
</html>
