2259 4050
369 376 533 434 Sauriam
551 348 730 435 Juuuarus.
878 417 882 427 ·
978 378 1018 447 ’Π

80 530 123 591 ad
137 548 261 607 regem:
283 530 463 589 et-'eenturio
477 532 560 607 primi
572 533 622 608 pili
634 534 738 589 tertiae
750 531 886 609 legionis,
895 550 949 607 per
957 550 1017 590 mu-

81 625 239 693 nitionem,
253 644 348 699 quam,
363 627 404 681 uti
413 625 591 695 defenderet,
602 636 768 701 acceperat,
780 627 876 705 locum
892 625 1018 683 hostibus
1091 680 1095 683 .

82 718 253 776 introeundi
267 719 364 777 dedit:
386 708 478 792 eaque
492 720 639 780 Numidae
655 720 753 777 cuncti
764 720 907 797 irrupere.
943 720 1018 777 Nos-

84 813 123 871 tri
139 812 228 869 foeda
243 812 322 889 luga,
337 805 466 885 plerique
481 813 606 886 abjectis
620 814 719 881 armiS,
735 833 904 887 proxumum
914 814 1019 885 nollem

85 924 284 980 occupavere.
326 905 501 979 Nomtque
516 887 627 980 praeda
649 917 809 963 castrorum
830 909 938 975 bastae,
952 908 1019 981 ²quo

55 1010 59 1017 '
83 1000 184 1057 minus
199 999 319 1070 victoria
331 1009 488 1067 uterentur,
504 1008 650 1055 remorata
664 1010 740 1056 sunt.
784 1000 862 1055 Dein
876 1000 1020 1075 Iugurtha

65 1171 67 1173 v
83 1102 207 1170 postero
220 1093 267 1148 die
282 1112 349 1149 cum
362 1094 438 1177 Aulo
450 1090 480 1149 in
494 1093 638 1165 colloquio
653 1093 743 1148 verba
759 1093 848 1149 facit:
872 1100 892 1126 “
904 1086 1019 1150 tametsi

83 1188 184 1263 ipsum
199 1186 510 1262 cumxexeraecib‘afume,
525 1186 604 1253 lepre
618 1187 750 1241 clausum
764 1196 852 1254 tenet,
867 1195 966 1242 tamen
982 1205 1015 1242 se

84 1284 282 1360 humanarum
296 1299 393 1335 rerum
403 1298 573 1349 memorem,
583 1280 607 1335 si
619 1299 719 1337 secum
731 1280 833 1337 foedus
844 1280 965 1349 faceret,
977 1281 1018 1340 in·

86 1376 214 1433 columis
227 1374 320 1431 omnis
334 1373 398 1429 “sub
408 1374 514 1449 jugum
528 1374 681 1431 missurum
693 1396 701 1430 ι
723 1384 889 1449 praeterea,
904 1376 944 1432 uti
959 1375 1019 1433 die-

87 1472 146 1527 bus
161 1470 266 1539 decem
281 1468 420 1524 Numidia
433 1468 625 1524 decederet.''
667 1470 751 1532 Quae
767 1488 940 1541 quamquam
954 1487 1019 1542 gra·
1055 1466 1060 1473 ’

88 1564 178 1621 viaet
187 1563 289 1639 flagitii
303 1563 391 1635 plena
404 1571 495 1629 erant,
510 1569 618 1629 tamen,
633 1562 700 1634 quia
714 1560 905 1621 mortistnetu
919 1559 1019 1617 ⁴muta.

88 1661 171 1727 liant,
186 1657 271 1712 sicuti
285 1656 348 1731 regi
363 1656 495 1723 libuerat,
511 1674 569 1730 pax
584 1655 727 1711 convenit.

130 1750 266 1809 XXXIX.
296 1751 368 1818 Sur),
395 1749 444 1805 ubi
458 1768 495 1805 ea
523 1750 635 1807 Romae
664 1763 814 1826 comperta
826 1762 901 1822 sunt,
916 1756 1020 1811 ⁵metus

17 1889 18 1892 ,
90 1856 179 1920 atque
193 1864 308 1902 moeror
322 1844 469 1900 civitatem
483 1844 618 1901 invasere
637 1866 645 1901 τ
667 1866 735 1920 pars
749 1847 848 1904 dolere
864 1868 916 1922 pro
928 1848 1022 1924 gloria

18 1951 19 1958 ’
91 1939 228 2015 imperii:
251 1958 318 2015 pars
332 1939 448 1995 insolita
461 1958 558 1996 rerum
574 1940 744 1997 bellicarum
757 1943 860 1999 timere
875 1942 1019 2007 libertati:
1032 1939 1039 1947 ”

16 2128 33 2551 ¹

21 3214 36 3723 l

93 2036 171 2094 Aulo
184 2054 285 2092 omnes
298 2035 405 2103 infesti,
420 2053 456 2092 ac
470 2055 606 2092 maxume
619 2037 670 2116 qui
684 2037 760 2092 bello
775 2055 864 2110 saepe
877 2035 1021 2108 praeclari

93 2113 314 2203 fuerant,'⁶qu0d
330 2139 459 2186 armatus
472 2130 622 2195 dedecore
632 2130 735 2203 potius,
748 2147 833 2201 quam
847 2147 934 2186 manu
946 2129 1020 2186 salu·

92 2234 154 2281 tem
167 2225 359 2298 quaesiverat.
403 2224 448 2280 Ob
463 2243 500 2280 ea
514 2225 615 2281 consul
630 2225 751 2282 Albinus
764 2243 801 2282 ex
811 2225 917 2282 delicto
927 2224 1022 2303 fratris

93 2318 242 2387 invidiam,
256 2319 303 2375 ⁷ae
317 2309 422 2375 deinde
437 2319 598 2393 perieulum
612 2321 726 2389 timens,
739 2330 874 2378 senatum
902 2321 939 2377 de
962 2321 1022 2400 sue·

94 2413 166 2494 dere
187 2413 374 2469 consulebat:
396 2422 536 2471 ettamen
551 2413 666 2470 interim
681 2415 823 2470 exercitui
839 2415 1021 2488 supplemen-

94 2518 158 2566 tum
166 2508 314 2564 scribere:
336 2509 373 2564 ab
384 2507 472 2563 sociis
483 2514 513 2563 et
525 2507 643 2562 nornine
656 2507 761 2564 Latino
771 2509 882 2566 auxilia
892 2527 1022 2566 arcesse-

95 2621 146 2660 re:
168 2601 293 2675 denique
308 2601 399 2658 modis
413 2601 545 2658 omnibus
560 2601 710 2666 festinare.
755 2601 879 2656 Senatus
904 2601 954 2668 ita,
979 2602 1022 2658 uti
1046 2617 1049 2626 ·

96 2696 267 2774 puniuerat,
291 2695 432 2765 decernit,
450 2715 505 2752 suo
519 2715 623 2758 annun
639 2684 748 2750 rorum
761 2712 883 2750 1usussu
898 2711 1023 2750 nunaunt

99 2810 239 2850 roumssu
253 2810 368 2850 rannus
383 2810 478 2851 rrum.
502 2789 613 2847 Consul
626 2789 780 2864 impeditus
795 2809 813 2846 a
826 2787 949 2848 tribunis
964 2771 1023 2866 ple:

99 2886 143 2944 bis
156 2905 204 2956 ne,
218 2905 291 2960 quas
301 2893 454 2960 paraverat
466 2885 576 2960 copias,
588 2904 690 2942 seeum
702 2892 838 2961 portaret,
851 2885 953 2960 paucis
965 2885 1024 2942 die.

99 2980 195 3038 busin
207 2981 341 3039 Africam
355 2981 567 3056 proficiscitur:
590 2997 659 3036 nam
683 2979 776 3036 omnis
801 2980 960 3048 exereitus,
984 2979 1025 3038 uti

100 3084 285 3145 convenerat,
305 3074 446 3134 Numidia
459 3074 611 3141 deductus,
633 3073 666 3129 in
690 3073 840 3147 provincia
867 3074 1024 3134 hiemabat.

98 3171 253 3246 Postquam
268 3188 304 3226 ee
317 3169 416 3239 venit3
438 3169 623 3244 'quamquam
641 3168 776 3243 persequi
791 3168 810 3224 J
814 3171 973 3246 ugurtbam
996 3177 1026 3228 at

89 3265 209 3325 mederi
223 3265 372 3323 fraternae
383 3263 508 3321 invidiae
522 3264 637 3322 animus
647 3264 786 3333 ardebat;
810 3257 936 3341 oognitis
950 3264 1026 3324 mili·

99 3360 184 3430 tibus,
197 3353 269 3435 ques
283 3368 400 3434 praeter
414 3358 525 3435 sugam,
539 3358 644 3416 ⁹solut0
658 3359 790 3434 imperio,
805 3359 925 3418 lieentia
939 3366 1025 3430 atqua

100 3455 221 3517 lascivia
240 3441 418 3547 eurrupsm,
443 3453 502 3512 ¹⁰01
524 3454 613 3531 eopia
634 3471 733 3518 rerum
752 3453 860 3521 metuit,
884 3450 957 3528 nibil
969 3449 1026 3524 sibi
