2259 4050
270 249 273 256 ’
366 260 530 325 aarum
542 266 720 327 Juauaraa.
942 256 1001 327 lm
1066 308 1069 313 -

92 418 237 479 amicitiam
260 428 291 477 et
311 418 412 481 foedus
433 421 595 494 petentibus
617 421 673 479 hoc
687 421 771 479 modu
795 414 994 496 respondetur.

92 514 230 574 “Senatus
244 521 273 573 et
284 513 405 587 populus
424 512 574 575 Romanus
595 514 730 571 beneficii
755 523 784 570 et
804 516 926 589 injuriae
939 534 1000 574 rne-

90 624 219 664 morease
234 607 324 675 solet;
347 616 476 663 ceterum
497 606 626 675 Boccho,
651 608 786 681 quoniam
801 609 935 681 poenitet,
950 610 998 667 de.

91 700 145 757 licti
157 699 278 774 gratiam
292 698 375 755 facit:
397 698 499 757 foedus
511 710 542 756 et
554 700 682 758 amicitia
695 700 845 769 dabuntur,
861 718 926 758 cum
940 721 999 768 ure.

91 790 201 849 ruerit’'
305 859 309 865 .
1037 856 1043 859 .

127 884 185 941 CV.
201 884 278 949 Qurs
289 886 376 940 rebus
387 884 520 959 coguitis,
534 885 670 943 Bocchus
684 904 736 959 per
750 886 862 943 litteras
872 907 890 943 a
904 888 999 945 Mario
1027 938 1029 943 .

89 977 189 1055 petivit,
214 977 253 1032 uti
276 975 386 1053 Sullam
409 978 446 1034 ad
473 997 505 1033 se
529 980 674 1048 mitteret3
697 978 790 1051 ¹cujus
805 982 940 1037 arbitratu
963 982 997 1037 de

90 1071 280 1129 communibus
294 1071 418 1145 negotiis
432 1072 641 1129 consuleretur.
682 1072 827 1137 lamissus
841 1092 908 1129 cunr
917 1092 999 1147 prae·

89 1164 156 1221 sidio
170 1164 306 1236 ‚equitum
333 1174 418 1235 atque
443 1164 579 1237 peditum,
604 1163 778 1221 funditorum
803 1166 997 1222 ²Balearium:

87 1267 234 1333 praeterea
257 1256 410 1331 ⁹sagittarii-
434 1266 464 1313 et
485 1258 588 1316 cohors
612 1258 733 1333 Peligna
755 1276 820 1313 curn
836 1258 999 1315 velitaribus

87 1350 178 1418 armis,
192 1349 302 1405 itineris
316 1351 487 1424 properandi
501 1369 620 1408 caussa:
642 1369 735 1424 neque
750 1352 795 1407 his
806 1365 901 1420 secus,
914 1362 998 1425 atque

87 1443 147 1499 aliis
160 1442 257 1509 armis,
270 1443 421 1499 advorsum
443 1444 502 1499 tela
523 1444 656 1513 hostium,
677 1432 752 1517 quod
774 1463 810 1501 ea
834 1446 910 1500 levia
923 1454 998 1511 sunt,

85 1536 191 1593 muniti.
235 1536 293 1591 Sed
307 1536 418 1604 itinere,
443 1536 539 1609 quinto
562 1537 685 1609 denique
714 1537 771 1604 dic,
796 1536 900 1604 Volux,
923 1536 999 1591 filius

84 1629 201 1697 Bocchi,
216 1640 336 1702 repente
346 1630 376 1684 in
388 1648 507 1702 campus
521 1629 683 1703 petentibus
697 1646 764 1684 cum
778 1628 857 1685 mille
872 1647 929 1684 non
940 1645 999 1685 arn-

10 1733 11 1739 ’
83 1724 155 1799 plius
169 1723 310 1795 equitibus
324 1741 390 1778 sese
406 1722 548 1779 ostendit:
571 1722 617 1797 qui
632 1722 750 1778 ⁴temere
773 1731 802 1778 et
816 1722 910 1779 effuse
930 1740 999 1777 eun-

81 1829 134 1886 tes,
145 1816 241 1872 Sullae
252 1816 372 1889 aliisque
386 1816 519 1873 omnihus
534 1826 562 1872 et
576 1834 725 1873 numerum
741 1817 909 1891 ampliorem
920 1835 999 1884 vero,

81 1922 109 1968 et
123 1910 265 1966 ⁵hostilem
284 1919 391 1965 metum
405 1910 581 1967 efficiebant.
614 1910 716 1989 'Igitur
731 1928 796 1967 sese
811 1911 928 1984 quisque
940 1910 999 1966 “ex-

79 2005 191 2080 pedire,
219 2022 299 2060 erma
323 2004 479 2077 atquetela
492 2004 625 2071 tentare,
653 2005 818 2061 intendere:
840 2004 924 2060 timor
951 2004 1000 2060 ali.

9 2120 10 2147 1
79 2108 211 2174 quantus,
226 2098 278 2154 sed
292 2117 359 2172 spes
373 2098 502 2172 amplior,
517 2099 621 2172 quippe
636 2098 800 2165 victoribus,
812 2106 840 2152 et
849 2097 1000 2152 advorsum
1027 2112 1031 2119 ·

79 2213 141 2260 eos,
156 2211 227 2265 quos
242 2211 330 2265 saepe
349 2192 488 2248 vicerant.
531 2190 650 2246 Interim
678 2191 799 2264 equiteS,
822 2190 1000 2265 exploratum

77 2287 241 2361 praemissi,
256 2305 327 2354 rem,
341 2285 381 2341 uti
396 2293 468 2353 erat,
482 2284 618 2357 ⁸quietam
632 2284 781 2341 nunciant.
925 2272 970 2328 Ψ·
1034 2278 1038 2327 3

118 2379 198 2436 CVI.
216 2378 323 2435 Vouux
333 2378 491 2434 adveniens
499 2389 681 2450 quaestorem
691 2378 831 2453 adpellat:
855 2385 912 2435 “se
923 2397 1000 2452 apa·

76 2483 121 2530 tre
133 2473 256 2530 Boccho
271 2472 384 2528 obviam
397 2473 454 2528 illis
469 2471 567 2539 simul,
578 2481 606 2542 et
620 2473 763 2545 praesidio
773 2470 922 2528 missurn.’'
943 2471 1002 2528 De·

9 2553 10 2567 ¹
76 2567 144 2623 inde
160 2585 228 2623 eum
251 2576 280 2623 et
300 2584 468 2640 proxumum
489 2565 566 2621 diem
593 2563 655 2620 sine
670 2574 746 2619 metu
762 2565 908 2636 conjuncti
923 2575 1000 2620 eunt.

75 2660 155 2730 Post,
176 2661 226 2716 ubi
245 2669 341 2716 castra
359 2660 464 2727 locata,
480 2667 509 2715 et
522 2658 569 2714 die
584 2676 687 2730 vesper
701 2667 771 2724 erat,
786 2666 905 2729 repente
920 2656 1002 2715 Mau·

74 2759 124 2809 rus
138 2753 266 2817 Pincerto
280 2753 356 2809 voltu
371 2753 407 2808 ad
422 2753 533 2809 Sullam
548 2751 674 2807 adcurrit
691 2770 697 2806 :
721 2757 738 2783 “
749 2750 803 2804 sibi
821 2768 857 2805 ex
872 2749 1002 2823 specula·

38 2889 42 2892 -
74 2849 188 2903 teribus
199 2847 354 2922 cognitum,
364 2846 536 2922 Jugurtham
547 2845 621 2901 haud
634 2845 733 2918 procul
745 2845 848 2900 abesse
860 2843 888 2899 :”
909 2843 1003 2912 simul,

73 2941 120 2995 uti
130 2950 222 2997 noctu
238 2941 313 2996 clam
327 2958 427 2995 secum
449 2938 626 3014 profugeret,
643 2947 734 3016 rogat
757 2946 840 3011 atque
863 2939 1001 2995 hortatur.

72 3030 130 3089 Ille
146 3033 267 3090 ¹⁰animo
277 3032 369 3090 feroci
381 3042 469 3108 negat
483 3039 501 3066 ‘⁴
508 3051 540 3088 se
554 3031 639 3088 toties
650 3031 744 3087 lusum
755 3031 911 3088 Numidam
919 3030 1004 3105 perti-

71 3143 232 3184 mescere:
253 3126 347 3184 virtuti
362 3145 479 3184 suorum
498 3126 569 3185 satis
593 3125 737 3182 credere:
760 3125 848 3180 etiam
872 3126 897 3181 si
921 3135 1005 3182 certa

71 3220 169 3293 pestis
177 3220 304 3289 adesset,
314 3239 481 3277 mansurum
491 3210 595 3295 potius,
604 3238 690 3294 quem
699 3217 826 3294 proditis,
839 3237 909 3292 quos
918 3219 1004 3275 duee·

70 3309 135 3380 bat,
146 3314 223 3388 turpi
235 3314 305 3389 fuga
319 3315 448 3370 incertae
460 3333 495 3369 ac
504 3313 625 3370 forsitan
643 3321 705 3388 post
716 3314 812 3388 paullo
822 3314 923 3369 morbo
934 3312 1005 3368 inte·

71 3404 189 3463 riturae
210 3408 287 3464 vitae
310 3407 476 3483 parceret.''
532 3407 669 3464 Ceterum
684 3409 720 3466 ab
735 3407 857 3464 lleodem
872 3405 1004 3472 monitus,

243 3515 263 3557 .,¹
313 3530 383 3625 [¹¹st

419 3631 421 3635 .
499 3627 525 3651 .,
