2259 4050
358 269 526 328 sinnam
546 267 715 330 Canama
965 272 1012 334 ὕ

120 425 210 491 xu,
220 425 284 484 San
297 425 471 503 Allobroges
484 425 533 482 diu
546 425 578 482 in
591 423 706 484 incerto
718 425 861 494 habuere,
874 425 1011 500 quidm

76 521 196 582 consilii
211 528 360 595 caperent.
403 518 438 576 In
451 520 545 576 altera
559 527 642 593 parte
656 527 721 576 erat
734 537 786 576 aes
800 519 1010 589 mesammo-
1025 514 1033 572 J

77 616 160 674 dium
173 614 253 682 belli,
267 631 376 690 magna
386 631 508 670 merces
522 612 553 668 in
563 631 616 687 spe
630 611 772 670 victoriae
789 633 796 669 ε
824 622 854 670 at
873 613 903 670 iu
917 614 1010 679 altera

78 709 218 784 'majores
232 725 313 781 opes,
327 716 390 780 tuta
401 707 532 775 consilia,
547 725 602 781 pro
615 707 730 764 incerta
743 725 808 782 spe,
827 716 911 764 certa
926 725 1009 782 prae·

77 803 151 860 mia.
183 801 270 858 Haec
284 798 546 870 illisyolvcntibus,
553 801 671 857 tandem
682 800 753 858 vicit
767 801 883 859 fortuna
893 802 1008 877 reipub·

77 897 169 954 licae.
201 894 303 968 Itaque
318 895 356 960 Q.
372 894 464 952 Fabio
478 895 607 970 Sangae,
623 895 707 970 cujus
720 892 893 970 'patrocinio
904 895 1009 955 civitas

47 997 50 1003 '
78 990 235 1068 plurimum
263 990 407 1058 utebatur,
430 1008 494 1046 rem
509 1007 636 1058 omnem,
660 989 702 1046 uti
716 1004 924 1066 cognoverant,
939 1009 1008 1066 ape.

77 1084 168 1144 riunt.
212 1083 329 1152 Cicero,
354 1102 407 1158 per
433 1083 565 1160 Sangam
591 1082 727 1140 aconsilio
750 1083 877 1160 cognito,
901 1084 1008 1162 legatis

79 1179 232 1256 praecipit,
260 1177 386 1234 studium
406 1160 614 1252 conjurationis
642 1178 832 1236 vehementer
858 1177 1006 1249 simulent,
1063 1241 1068 1248 ,

14 1257 15 1266 ¹
79 1282 195 1330 ceteros
209 1271 325 1340 adeant,
339 1271 424 1328 ⁴beue
440 1265 655 1346 polliceantur}
676 1272 802 1346 dentque
816 1291 948 1351 operam,
962 1273 1006 1330 uti
1039 1259 1045 1267 ’

78 1386 129 1424 eos
142 1385 231 1441 quam
241 1383 376 1422 maxume
390 1365 561 1424 manifestos
575 1367 713 1441 pabeant.

116 1459 213 1522 XLII.
229 1460 324 1516 Isnan
338 1459 401 1516 sere
416 1460 595 1534 temporibus
608 1459 639 1518 in
652 1459 762 1516 ⁶Gallia
772 1461 909 1517 citeriore
919 1467 1005 1534 atque

79 1555 225 1624 ulteriore,
248 1553 320 1610 item
344 1553 375 1609 in
398 1571 471 1628 agro
485 1553 605 1620 Piceno,
628 1553 764 1621 ⁶Bruttio,
780 1553 896 1626 Apulia,
910 1562 1006 1612 motus

14 1641 15 1658 ³
77 1657 150 1718 erat,
192 1649 325 1720 Namque
339 1647 391 1716 illi,
405 1664 477 1719 quos
491 1655 580 1703 antea
593 1646 722 1718 Catilina
734 1646 894 1716 dimiserat,
905 1647 1006 1704 incon.

14 1753 16 1814 ᾗ
76 1743 152 1800 sulte
166 1760 203 1798 ac
217 1741 306 1798 veluti
317 1759 369 1815 per
382 1740 559 1798 dementiam
570 1741 687 1798 ⁷cuncta
700 1741 786 1799 simul
800 1761 906 1819 ageret
935 1761 1004 1799 noc·

14 1815 15 1828 ἵ
77 1836 168 1893 turnis
182 1835 321 1904 consiliis,
347 1853 493 1892 armorum
520 1844 606 1908 atque
633 1836 759 1893 telorum
785 1838 1004 1912 portationihus,

14 1955 15 1996 ι
77 1928 415 2005 'festinandqagitando
429 1929 536 1998 omnia,
551 1931 616 2004 plus
635 1929 749 1986 timoris
772 1950 860 2004 quam
881 1930 1002 2007 periculi

14 2007 15 2020 ³
76 2024 249 2083 effecerant.
263 2024 339 2082 .··Ex
353 2042 389 2080 eo
402 2042 523 2080 numero
535 2024 702 2097 complures
713 2024 751 2089 Q.
763 2025 901 2081 Metellus
914 2026 1004 2082 Geler

76 2128 203 2194 praetor,
218 2137 255 2175 ex
269 2118 363 2175 senati
383 2118 525 2187 consulto,
550 2135 656 2173 caussa
680 2118 809 2193 cognita,
833 2119 863 2175 in
888 2118 1004 2176 vincula

75 2213 264 2289 conjecerat3
273 2212 357 2269 item
370 2212 401 2268 in
421 2212 560 2269 ulteriore
575 2212 674 2269 Gallia
699 2212 748 2269 ⁰0.
763 2213 897 2310 Murena,
912 2215 1003 2290 quisi

14 2336 16 2385 p
75 2306 243 2383 provinciae
258 2307 393 2383 ¹⁰legatus
407 2303 553 2381 praeerat.

108 2401 220 2461 XLIII.
235 2402 283 2459 Aa
297 2401 418 2459 Romae
423 2399 575 2470 Lentulus,
590 2420 658 2459 cum
668 2402 786 2471 ceteris,
795 2403 843 2477 qui
855 2403 1003 2480 principes

74 2496 283 2573 conjurationis
294 2505 387 2565 erant,
397 2494 515 2571 paratis,
527 2505 557 2551 ut
565 2496 891 2572 ¹¹videbantur,magnis
899 2499 1002 2573 copiis,

73 2591 314 2660 ''constituerant
338 2590 389 2660 uti,
415 2589 543 2646 Catilina
566 2588 597 2645 in
610 2607 714 2665 agrum
725 2588 920 2646 Faesulanum
934 2610 1002 2649 cum

14 2714 15 2721 ¹
74 2686 211 2755 venisset,
228 2684 265 2743 L.
281 2684 384 2743 Bestia
396 2684 642 2759 tribunusplebis,
656 2682 799 2753 concione
812 2683 922 2754 habita,
932 2703 1001 2759 qua.

73 2788 188 2837 reretur
197 2781 234 2837 (le
248 2780 432 2849 ”actionibus
443 2778 607 2848 Ciceronis,
618 2777 744 2851 bellique
754 2778 927 2855 gravissumi
938 2778 1001 2837 ”in-

14 2942 16 2959 ,
75 2873 183 2931 vidiam
191 2884 309 2951 optumo
324 2874 436 2931 consuli
450 2873 637 2949 imponeret3
669 2890 706 2930 eo
728 2873 822 2949 signo,
841 2874 1002 2949 ¹⁵proxuma

14 2964 15 3023 j
76 2976 161 3037 nocte
175 2977 277 3025 cetera
290 2967 444 3026 multitudo
459 2967 668 3042 conjurationis
681 2986 765 3024 suum
776 2968 898 3042 quisque
911 2988 1001 3047 nego-

74 3060 145 3119 tium
158 3072 397 3141 exsequerentur.
440 3062 500 3119 Sed
514 3080 551 3125 ca
564 3062 679 3119 ¹⁴'diuisa
691 3062 748 3119 hoc
763 3062 849 3121 modo
865 3063 1037 3157 diceban·

74 3162 134 3213 tur.
156 3156 290 3213 Statilius
298 3166 328 3213 at
336 3156 530 3215 Gabmiusuti
541 3175 819 3234 cummagnamanu
828 3158 1025 3217 ¹⁷duodecim

14 3270 16 3311 ι
70 3248 159 3309 simul
173 3261 337 3327 opportuna
349 3251 418 3309 loca
430 3250 510 3309 urbis
525 3251 725 3322 incenderent,
745 3270 803 3327 qno
822 3255 946 3311 tumultu
959 3254 1001 3311 sa·

14 3350 16 3369 '
75 3343 157 3402 eilior
171 3345 268 3403 aditus
282 3346 319 3403 ad
333 3346 484 3403 consulem
486 3356 689 3421 ,ceterosque
700 3347 807 3421 quibus
816 3346 940 3404 insidiae
950 3365 1000 3420 pa·

14 3522 16 3617 ι
45 3438 223 3511 nitantur,
238 3440 339 3498 ficret.
361 3439 513 3518 Cethegus
527 3440 704 3575 Cpceronis
691 3458 814 3516 pannum
825 3438 1000 3510 ''obsidemt
