2259 4050
303 300 308 313 ι
331 330 497 412 Sunnnsrrr
509 328 689 386 Jnuunnru.
932 332 971 388 st

47 476 69 533 ri
81 501 88 548 3
108 479 227 547 veritus,
242 498 279 536 ne
293 480 420 555 legatus,
430 482 549 556 cognita
559 502 602 552 re,
611 483 809 540 laborantibus
821 484 881 540 suis
892 484 970 543 auxi·

47 568 176 641 lictores,
192 574 297 641 aciem,
312 574 405 647 'quam
425 574 559 647 diffidens
579 576 675 634 virtuti
690 578 811 634 militum
826 578 899 635 ¹arte
915 586 972 655 stas

49 671 142 736 tuerat,
158 678 215 741 quo
229 654 354 727 hostium
376 668 474 725 itineri
488 661 640 742 obiiceret,
655 671 740 727 latius
756 672 876 753 porrigit
892 694 900 743 3
923 692 971 730 eo·

40 761 194 839 quemodo
208 760 244 817 ad
260 761 360 845 Rutilii
375 770 473 819 castra
486 765 629 838 procedit.

81 853 162 912 LIII.
177 855 306 911 Ronsru
320 872 357 913 ex
367 857 524 931 improviso
538 860 664 934 pulveris
686 858 745 915 vim
759 880 897 938 magnam
909 860 970 919 ani·
997 914 999 922 t

39 949 230 1017 madvortunt,
245 968 314 1005 nam
326 950 523 1025 ²prospectum
532 970 604 1028 ager
618 954 744 1011 arbustis
758 956 885 1012 consitus
906 972 970 1031 pro.

44 1042 167 1120 bibebat.
212 1043 251 1099 Et
276 1044 369 1118 primo
389 1045 445 1101 rati
465 1046 585 1103 humum
608 1046 719 1103 aridam
741 1059 827 1105 vento
842 1051 969 1125 agitari:
1028 1060 1034 1067 ‘

47 1147 111 1211 post,
126 1137 176 1194 ubi
188 1139 372 1210 aequabilem
386 1157 518 1208 manere,
534 1149 572 1208 et,
587 1140 683 1196 ³sicuti
699 1142 780 1197 acies
792 1145 970 1213 movebatur,

45 1232 134 1307 magis
141 1232 294 1309 magisque
309 1232 540 1306 adpropinquare
554 1235 663 1303 vident,
679 1237 797 1311 cognita
811 1256 853 1306 re,
869 1256 971 1313 prope·

44 1336 137 1383 rantes
152 1345 235 1383 arma
245 1326 372 1401 capiunt,
396 1344 432 1382 ac
454 1347 506 1402 pro
521 1330 635 1398 castris,
655 1330 739 1386 sicuti
763 1331 970 1405 imperabatur,

45 1421 209 1478 consistunt.
253 1419 378 1489 Deinde,
393 1421 442 1476 ubi
456 1423 573 1497 propius
588 1406 715 1491 veritum,
734 1424 878 1497 utrimque
890 1445 970 1501 mag·
1007 1464 1010 1467 -

44 1511 424 1573 uoclamore⁴concurmnt.
458 1516 604 1579 Numidae
613 1517 812 1572 tantummodo
823 1518 970 1598 remorati,

44 1606 107 1665 diliu
121 1610 152 1666 in
167 1609 333 1683 elephantis
347 1609 486 1665 auxilium
501 1616 602 1683 putant
614 1630 621 1679 ;
644 1619 794 1684 postquam
819 1610 972 1686 impeditos

43 1704 129 1780 ramis
144 1706 289 1772 arborum,
315 1712 402 1778 atque
426 1702 468 1759 ita
486 1703 626 1777 disjectos
646 1704 849 1762 circumveniri
863 1705 972 1776 vident,

42 1796 139 1873 fugam
154 1797 279 1854 faciunt:
302 1816 337 1853 ac
348 1798 489 1871 plerique,
498 1798 621 1872 abjectis
633 1800 731 1867 armis,
742 1800 833 1869 collis
844 1810 892 1857 aut
903 1820 972 1858 noc.

41 1891 86 1961 tis,
101 1894 249 1967 quaejam
263 1892 374 1961 aderat,
398 1893 506 1949 auxilio
525 1894 630 1969 integri
653 1896 772 1950 abeunt.
814 1896 972 1970 Elephanti
989 1906 996 1913 “

43 1996 162 2060 quatuor
176 1988 264 2064 capti,
277 1987 379 2062 reliqui
394 2006 506 2057 omnes,
521 2006 642 2045 numero
659 1988 860 2064 quadraginta,
884 1990 971 2046 inter-

43 2080 121 2139 iecti.
153 2083 194 2140 At
208 2083 342 2152 Romani,
357 2089 532 2155 quamquam
546 2083 651 2164 itinere
667 2092 752 2155 atque
764 2089 852 2156 opere
863 2091 972 2139 castro·

43 2193 105 2233 rum
117 2188 148 2235 et
161 2178 272 2253 praelio
286 2176 367 2241 ⁵fessi
378 2176 505 2250 lassique
520 2185 604 2232 eraut
617 2198 624 2246 3
646 2186 754 2245 tamen,
777 2179 854 2250 quod
869 2178 973 2236 Metel-

38 2270 86 2326 lus
99 2273 224 2346 amplius
238 2272 374 2348 opinione
386 2272 564 2339 morabatur,
576 2271 707 2327 instructi
722 2271 879 2346 intentique
895 2272 973 2330 obvi·

45 2383 91 2421 am
104 2353 274 2440 procedunt.
317 2366 396 2422 Nam
420 2365 502 2422 dolus
522 2365 715 2430 Numidarum
736 2365 819 2422 ⁶nihil
834 2365 973 2443 languidI,

46 2476 136 2534 neque
152 2460 267 2516 remissi
279 2460 452 2534 patiebatur.
486 2459 532 2514 Ac
543 2441 646 2531 primo,
656 2460 781 2515 obscura
791 2469 887 2528 nocte,
899 2469 974 2534 post·

37 2569 130 2630 ⁴quam
156 2554 235 2610 haud
259 2555 372 2629 procul
382 2554 458 2610 inter
471 2570 504 2608 se
527 2559 620 2618 erant,
641 2551 772 2625 strepitu,
784 2553 862 2608 velut
876 2553 974 2611 hostes

52 2643 253 2717 ⁷adventarent‚
268 2649 352 2719 alteri
367 2647 443 2722 apud
457 2647 565 2703 alteros
576 2643 759 2702 formidinem
774 2645 869 2712 simul,
885 2654 914 2701 et
933 2654 974 2702 tu.

52 2742 165 2799 multum
179 2741 299 2800 facere:
321 2752 351 2798 et
361 2759 463 2816 paene,
470 2739 664 2815 imprudentia
679 2737 837 2796 admissum
851 2738 976 2820 'facinus

20 2895 27 2916 ,
51 2835 220 2905 miserabile,
231 2837 261 2893 ni
275 2837 416 2911 utrimque
431 2834 585 2911 praemissi
596 2834 707 2909 equites
722 2853 784 2891 rem
799 2834 976 2910 exploravis.

52 2939 120 2988 sent.
162 2931 264 3008 Igitur,
279 2951 331 3007 pro
344 2938 433 2999 metu,
448 2937 569 3004 repente
593 2929 731 3006 gaudium
747 2939 888 2999 exortum,
903 2930 977 2988 mili·

53 3030 92 3081 tes
99 3025 174 3084 alius
185 3027 275 3083 alium
283 3026 352 3082 laeti
362 3025 518 3101 adpellant,
530 3033 598 3080 actu
606 3023 731 3082 edocent
742 3033 829 3099 atque
840 3023 958 3084 audiunt
969 3045 977 3082 ε

50 3137 100 3177 sua
112 3121 234 3198 quisque
248 3120 334 3177 fortia
347 3120 428 3178 sacta
442 3108 479 3176 ad
493 3118 609 3179 coelum
621 3117 708 3175 ferre.
741 3118 858 3194 Quippe
868 3139 916 3177 res
926 3122 978 3177 hu·

27 3209 33 3220 ’
50 3231 151 3272 manae
165 3217 207 3273 ita
220 3206 287 3273 sese
302 3216 429 3272 habent:
450 3214 481 3271 in
494 3213 617 3272 victoria
627 3212 673 3269 vel
688 3212 803 3292 ignavis
812 3214 932 3295 gloriari
945 3215 978 3274 li·

48 3307 118 3368 cat:
138 3310 293 3368 'advorsae
304 3330 356 3368 res
370 3311 459 3390 etiam
471 3311 564 3366 bonos
579 3306 752 3385 detractant.

85 3402 171 3466 LIV.
200 3405 369 3463 Mannum
396 3404 427 3462 in
446 3404 539 3461 isdem
562 3404 665 3461 castris
679 3403 828 3477 quatriduo
842 3408 979 3472 moratus,
1009 3481 1013 3489 .

47 3499 185 3563 ”saucios
199 3519 268 3563 cum
281 3519 354 3562 eura
363 3499 469 3571 reficit,
480 3499 601 3557 meritos
615 3497 667 3556 ¹¹iu
685 3497 803 3574 praeliis
813 3511 894 3553 more
906 3491 980 3554 mili-
1038 3527 1041 3531 ·

1068 3333 1077 3368 l
