2259 4050
142 250 182 344 62
306 353 310 360 Ι
424 283 586 376 aarum
604 281 785 341 Jusmnn.

142 453 205 496 rum
217 435 299 496 brevi
313 433 454 495 adoleuit:
476 437 524 494 ¹ac
538 446 640 512 postea
658 437 775 494 nomina
796 435 951 505 Numidae,
973 453 1045 511 prop·

143 540 190 590 ter
202 531 410 590 multitudinem
425 550 442 587 a
456 532 622 605 parentibus
636 530 770 607 digressi,
780 530 928 605 possidere
940 531 1047 604 ealoea,

144 644 217 701 quae
232 642 369 701 proxume
385 624 594 700 Carthaginem
601 618 748 706 Numidia
770 624 939 699 adpellatur.
976 619 1048 679 'Dein

144 717 265 794 utrique,
280 718 378 774 alteris
392 717 468 787 freti,
483 718 630 774 finitumos
644 717 732 774 armis
742 727 792 774 aut
801 715 1049 790 metusubimperi-

145 829 320 886 umcogere,
334 829 440 867 nomen
464 812 641 887 gloriamque
670 812 723 868 sibi
739 812 884 868 'addidere
900 833 907 881 3
929 810 1015 887 magis
1027 807 1051 866 hi

145 905 192 978 qui
207 905 243 960 ad
257 914 385 961 nostrum
396 923 476 960 mare
491 914 712 980 processerant:
734 905 803 980 quia
825 905 956 979 ²Lihyes,
979 919 1052 976 quam
1099 892 1105 1163 p

145 995 272 1084 Gaetuli,
283 999 377 1056 minus
385 998 536 1055 bellicosi:
559 999 683 1072 denique
710 1000 832 1056 Africae
860 1017 927 1074 pars
940 996 1053 1054 ³inferior

145 1091 282 1166 pleraque
295 1094 330 1150 ab
345 1093 478 1150 Numidis
486 1111 624 1167 possessa
637 1101 701 1148 est:
722 1093 792 1150 vieti
801 1111 903 1150 omnes
911 1093 1053 1174 ingentem

56 1213 60 1218 ·
147 1204 309 1261 nomenque
323 1187 525 1262 imperantium
539 1187 736 1243 ‘concessere
815 1204 819 1209 ’

186 1279 264 1336 ΧΙΧ.
290 1279 410 1336 Posrns
423 1278 597 1347 Phoenices,
625 1280 674 1335 alii
685 1261 877 1337 multitudinis
890 1278 966 1337 domi
979 1274 1057 1335 minu·

148 1371 240 1452 endae
255 1373 359 1448 gratia,
372 1391 439 1447 pars
458 1372 571 1445 imperii
585 1372 731 1446 cupidine,
754 1374 914 1431 sollicitata
927 1367 1017 1449 plebe,
1035 1378 1058 1426 et

148 1465 212 1522 aliis
226 1485 365 1524 novarum
384 1484 482 1523 rerum
501 1466 603 1536 avidis,
624 1465 814 1541 ⁵Hipponem,
839 1469 1058 1530 ⁶Hadrumetum,
1107 1424 1110 1583 i

147 1559 283 1636 'Leptim
296 1561 426 1635 aliasque
440 1560 519 1616 urhis
534 1559 563 1617 in
578 1579 629 1618 ora
642 1560 788 1617 maritima
802 1563 979 1620 condidere:
1000 1561 1059 1617 hae·
1109 1590 1111 1671 p

148 1673 203 1727 que
217 1656 298 1712 brevi
312 1657 432 1712 multum
446 1661 559 1724 auctae,
571 1671 638 1730 pars
651 1655 812 1730 originibus
826 1656 983 1731 praesidio,
993 1653 1059 1710 aliae

149 1746 247 1804 decori
264 1748 368 1804 suere:
389 1767 458 1804 nam
482 1747 518 1804 de
543 1747 735 1823 ⁸Carthagine
759 1750 848 1832 silere
877 1750 1061 1822 meliusputa

44 1893 48 1900 .
149 1858 235 1914 quam
248 1860 350 1915 parum
364 1841 483 1912 dicere;
505 1841 640 1914 quoniam
655 1842 712 1898 alio
722 1861 881 1918 properare
891 1854 1064 1919 tempusmo·
1111 1840 1114 1905 l

150 1943 209 1990 net.
231 1935 322 2012 Igitur
334 1935 381 1992 ⁹ad
393 1935 616 2004 Catabathmon,
630 1936 677 2009 qui
692 1937 774 1993 locus
788 1940 960 2016 Aegyptum
973 1937 1007 1994 ab
1021 1930 1064 1990 rf-
1112 1924 1115 2001 l

151 2030 214 2088 rica
228 2031 338 2102 dividit,
353 2021 503 2089 ¹⁰sec'1indo
514 2030 597 2099 mari,
612 2031 704 2105 prima
726 2031 869 2107 ¹1Cyrene
883 2043 939 2103 est,
963 2025 1065 2090 colonia
1113 2003 1116 2072 i

151 2125 318 2197 ''Pherehm
334 2146 369 2183 ac
381 2127 520 2200 deinceps
535 2126 609 2182 duae
624 2124 758 2201 ¹³Syrtes,
769 2127 901 2203 interque
913 2147 965 2186 eas
978 2123 1066 2195 ”Lep-

152 2220 203 2275 tis:
218 2220 286 2276 dein
295 2220 455 2276 ¹⁵Philendn
467 2238 548 2288 arae,
559 2220 676 2293 ¹⁶quem,
687 2222 854 2297 Aegyptum
865 2242 977 2291 versus,
988 2219 1066 2276 finem
1076 2231 1078 2236 '

153 2308 265 2388 imperii
276 2314 404 2387 habuere
416 2312 691 2389 Carthaginienses:
711 2314 796 2390 ¹'post
805 2315 881 2375 aliae
893 2317 1019 2381 Punicae
1029 2327 1066 2365 ut·

153 2410 216 2465 bes.
240 2407 350 2465 Cetera
360 2408 523 2483 locausque
535 2408 572 2465 ad
583 2410 795 2467 Mauretaniam
803 2410 951 2470 Numidae
960 2411 1067 2467 tenent:

155 2522 293 2580 proxume
305 2501 476 2579 Hispaniam
493 2502 589 2561 Mauri
599 2514 681 2586 sunt:
703 2505 810 2581 1⁸super
820 2505 990 2563 Numidiam
999 2501 1068 2558 Gae·

153 2600 229 2659 tulos
242 2600 409 2676 accepimus
434 2598 537 2675 partim
555 2599 586 2656 in
597 2600 734 2676 tuguriis,
749 2600 822 2657 alios
836 2599 973 2658 incultius
987 2608 1070 2671 vagos

156 2690 267 2774 agitar'e
280 2717 288 2767 3
310 2706 374 2771 post
384 2714 435 2753 eos
444 2694 624 2768 1⁰Aethiopas
634 2712 719 2764 esse3
739 2694 808 2751 dein
819 2694 886 2752 loca
896 2703 1000 2751 exusta
1009 2685 1072 2746 solis

157 2791 314 2847 ardoribus.
355 2788 446 2865 Igitur
460 2789 536 2845 bello
550 2788 569 2845 J
571 2788 724 2865 ugurthino
738 2789 876 2863 pleraque
890 2791 949 2847 [θοι
963 2778 1073 2844 Punicis

68 2936 72 2943 .
157 2883 271 2959 oppida,
283 2890 311 2937 et
326 2880 391 2938 finis
406 2880 700 2959 Carthaginiensium,
709 2902 780 2958 quos
793 2884 979 2941 ”novissume
990 2879 1074 2938 habu·

160 2986 252 3046 erant,
267 2975 388 3051 populus
403 2974 551 3035 Romanus
566 2996 619 3053 per
632 2978 820 3056 magistratus
836 2973 1053 3034 administrabat
1068 2984 1073 3018 τ

54 3107 56 3115 J
160 3070 350 3131 Gaetulorum
374 3090 481 3148 magna
495 3090 562 3148 pars
576 3081 606 3129 et
619 3072 779 3131 ²'Numidia
804 3092 907 3147 usque»
922 3070 961 3128 ad
976 3070 1076 3149 flumen

160 3164 351 3223 ”Mulucham
386 3164 596 3244 subiugurtha
619 3176 723 3225 erant:
750 3167 862 3224 Mauris
885 3164 1019 3223 omnibu
1030 3170 1078 3215 rex

124 3270 131 3283 '
162 3258 300 3319 Bocchus
314 3258 507 3333 imperitabat,
518 3269 636 3335 praeter
645 3278 760 3329 nomeu,
773 3260 895 3318 “cetera
905 3261 1024 3337 ignarus
1034 3267 1088 3327 P⁰·.

57 3382 59 3387 ·
162 3354 221 3431 puli
248 3351 391 3423 Remani3
428 3353 554 3426 itemque
581 3353 666 3409 nobis
684 3372 778 3427 neque
793 3352 879 3423 hello,
890 3370 984 3426 neque
1000 3360 1080 3424 pact,

162 3458 250 3507 antea
263 3446 405 3525 cognitus.
447 3446 493 3503 De
510 3446 611 3503 Africa
622 3456 652 3503 et
665 3448 732 3522 ejas
753 3448 859 3506 incolis
873 3448 910 3506 ad
923 3438 1080 3505 necessitu-

123 3621 128 3626 ·
154 3540 318 3613 ‚dinemrei
332 3541 402 3599 satis
416 3542 537 3599 dictum.
566 3605 583 3613 a
625 3582 632 3591 .
658 3584 662 3590 γ
