2259 4050
347 399 512 467 smum
525 402 704 469 Jueurrus.
946 406 987 469 ιθ
1029 466 1031 469 ,

46 565 139 627 mais
153 569 332 638 optaverant,
343 553 447 633 otium,
470 572 632 640 postquam·
642 564 740 641 adepti
754 572 830 635 sunt,
844 563 986 641 ιιιιιιιιιιιιρ

46 658 245 733 acerbiusque
260 656 323 715 suit.
359 658 495 733 Namque
509 678 634 735 coepere
646 659 783 733 nobilitas,
794 658 985 737 ²dignitatem,

47 754 175 831 populus
201 752 365 834 libertatem
392 753 422 809 in
444 753 602 812 lubidinem
630 764 764 811 vertere:
786 754 842 811 sibi
864 754 985 831 quisque
1058 762 1061 768 '

48 848 181 917 ³duoere,
209 848 335 917 trahere,
363 866 479 922 rapere.
522 845 568 905 Ita
581 849 679 906 omnia
703 849 733 905 in
746 849 818 905 duas
834 849 921 923 partis
936 848 985 905 ab·

48 951 160 1001 straete
171 951 237 998 sunt
253 962 261 1012 ;
283 925 457 1016 respublica,
482 955 557 1017 quae
572 943 669 1000 medie
683 941 787 1012 fuerat,
813 943 983 1001 dilacerata.

49 1036 193 1095 Ceterum
216 1036 351 1100 nobilitas
376 1036 504 1096 faotione
532 1037 627 1113 magis
651 1037 802 1111 pollebat:
824 1038 917 1112 plebis
931 1038 984 1107 vis,

47 1131 155 1190 ‘soluta
183 1140 269 1205 atque
297 1132 464 1206 dispersa
456 1151 486 1187 ιιι
513 1131 705 1201 multitudine,
732 1130 827 1187 minus
846 1140 983 1205 poterat.

48 1226 338 1300 paucorumarbrtrro
345 1225 558 1299 bellrdomrque
568 1226 749 1302 agrtabatur
765 1243 869 1325 penes
865 1225 984 1281 eosdem

48 1321 207 1390 aerarium,
229 1320 408 1396 provinciae,
435 1320 630 1397 magistratus,
656 1321 766 1396 gloriae
790 1297 984 1395 triuiirphique
1048 1391 1055 1399 ‚

47 1425 156 1474 erant:
178 1415 300 1491 populus
315 1415 418 1472 mrlrtra
429 1426 514 1489 atque
528 1434 627 1490 inopia
637 1416 835 1491 urguebatur
859 1414 984 1489 praedas
1026 1464 1032 1477 κ

48 1498 174 1568 bellicas
186 1510 379 1585 imperatores
393 1528 461 1566 cum
474 1510 577 1585 paucis
592 1510 775 1583 diripiebant.
806 1507 924 1564 Interea
933 1526 983 1581 pa·

47 1614 158 1675 rentes,
173 1614 224 1662 aut
238 1604 319 1680 parvi
333 1605 417 1662 liberi
431 1604 563 1671 militum,
579 1613 609 1659 ut
621 1602 740 1677 quisque
752 1601 903 1676 potentiori
914 1618 983 1664 con·
1024 1666 1026 1672 Ι

48 1698 114 1757 linis
128 1708 205 1769 erat,
216 1700 333 1757 sedibus
348 1700 538 1774 pellebantur.
570 1697 614 1755 Ita
628 1716 695 1754 eum
709 1697 838 1773 potentia
853 1694 983 1764 avaritia,
1011 1748 1016 1753 .,

50 1794 111 1853 sine
127 1796 215 1853 modo
229 1794 439 1869 modestiaque,
450 1794 600 1863 invadere,
618 1794 746 1869 polluere
758 1803 788 1849 et
797 1801 912 1849 vastare
924 1810 983 1847 om·

51 1889 119 1959 nia3
141 1889 212 1947 nibil
227 1889 319 1965 pensi,
332 1908 428 1964 neque
442 1890 669 1958 sanoti'habere,
685 1888 779 1964 quoad
803 1896 896 1945 semet
920 1886 984 1961 ipsa

52 1984 282 2060 praecipitavit..
304 1984 384 2042 Nam
404 1984 454 2041 ubi
468 1984 593 2059 primum
617 1983 677 2061 [⁵ex
690 1982 852 2052 nobilitate]
878 1981 984 2056 reperti

52 2090 125 2149 sunt,
141 2080 189 2154 qui
203 2097 304 2137 veram
317 2079 440 2156 gloriam
453 2080 578 2154 injustae
594 2078 740 2153 potentiae
755 2085 981 2150 anteponerent;

51 2175 163 2233 moveri
177 2175 290 2244 civitas,
316 2185 346 2231 et
369 2173 533 2249 ⁶permixtio
556 2173 659 2241 civilis,
674 2172 757 2246 quasi
771 2169 913 2228 discessio
927 2177 983 2226 ter·
1005 2172 1007 2178 '

17 2280 18 2291 ¹
53 2288 112 2340 rae,
127 2269 198 2327 oriri
212 2271 357 2345 eoepit·
456 2284 496 2330 e·

91 2363 188 2422 XLII.
218 2365 303 2422 Nan
317 2373 469 2440 postquam
487 2363 626 2420 Tiberius
649 2341 729 2419 etc.
746 2359 915 2430 Graecus,⁷
915 2379 983 2434 quo·

53 2474 116 2518 mm
130 2459 257 2535 majores
271 2460 381 2517 Punico
395 2468 481 2535 atque
495 2457 561 2514 aliis
575 2457 659 2514 bellis
674 2458 794 2514 multum
804 2453 983 2530 reipublicae

26 2629 30 2633 ·
51 2555 232 2624 addiderant,
246 2554 397 2612 vindicare
411 2553 527 2631 plebem
540 2551 571 2608 in
585 2551 759 2619 libertatem,
783 2560 812 2606 et
826 2565 983 2624 paucorum

53 2651 169 2710 scelera
186 2649 359 2732 patefacere
384 2667 530 2730 coepere3
552 2645 688 2712 nobilitas
712 2643 810 2712 noxia,
825 2651 922 2718 'atque
947 2659 983 2697 eo

52 2745 196 2824 perculsa,
211 2744 297 2800 modo
311 2763 364 2818 per
377 2744 473 2802 socios
496 2761 532 2799 ac
547 2760 653 2799 nomen
669 2737 733 2797 Lat'
715 2749 815 2806 tinum,
838 2735 981 2794 interdum

4 2900 5 2905 χ
54 2861 107 2920 per
119 2840 247 2914 equites
239 2838 404 2907 Romanos,
418 2857 493 2912 quos
510 2855 579 2923 spes
594 2833 742 2892 societatis
763 2853 781 2892 a
795 2833 879 2909 plebe
894 2831 984 2888 dimo

54 2944 146 3003 verat,
160 2934 344 3013 Graecorum
358 2931 521 2989 actionibus
534 2918 651 2988 obviam
665 2930 758 2999 ierat3
781 2937 810 2985 et
829 2929 921 3004 primo
935 2927 984 2984 'Pi

55 3009 177 3116 beriam,
191 3029 277 3087 dein
272 3046 381 3104 paucos
392 3036 457 3103 post
467 3043 560 3082 annos
570 3025 685 3081 ⁹eadem
695 3022 906 3100 ingredientem
917 3020 985 3079 Cai-

57 3144 115 3195 um,
127 3112 275 3189 tribunum
288 3123 421 3190 alterum,
436 3123 559 3178 altemm
573 3107 755 3199 triumvirum
779 3117 911 3175 ⁰coloniis
934 3116 983 3176 de·

57 3219 204 3290 ducendis,
219 3237 287 3276 curn
300 3218 345 3276 M.
360 3216 463 3275 Fulvio
476 3216 586 3273 Flacco
597 3214 676 3280 [erro
697 3215 905 3272 1ιιιιοιινιιιαιιι.
948 3212 987 3276 Ει
1029 3267 1031 3270 .

28 3313 32 3320 ’
58 3335 128 3378 sane
142 3314 278 3384 Graccis,
301 3312 438 3389 cupidine
451 3311 601 3382 victoriae,
626 3310 703 3369 haud
726 3309 799 3368 satis
822 3309 987 3370 moderatus

57 3412 170 3473 ani-1!
181 3409 246 3469 finit.
288 3408 350 3466 Sed
359 3409 458 3466 ubono
467 3407 545 3464 rinei
555 3407 647 3464 satius
658 3414 712 3475 ast,
723 3423 810 3480 quam
820 3404 897 3462 malo
907 3417 987 3458 more

56 3493 334 3584 injuriam'rineer'e.
369 3501 463 3580 Igitur
475 3519 513 3558 ea
524 3500 649 3558 victoria
661 3498 796 3555 nobilitas
810 3513 847 3552 ex
860 3490 988 3550 lubidine

57 3615 184 3670 mm,
194 3587 846 3679 ιἰιιιιιιιιιιιιιιιιιιιίειιιῐιιιιιιιιιιιςιιιιιιιιὶιιιὶις
867 3587 990 3666 nitarque
