2259 4050
149 301 170 360 2
362 309 365 314 '
436 303 601 362 amum
622 304 788 364 cunnus.

148 458 179 517 iu
192 459 265 518 Asia
276 458 392 535 'cyma
406 459 438 515 in
452 457 582 522 Graecia
596 429 826 519 Lacedaemonii
840 470 871 519 et
880 459 1065 519 Athenienses
1114 484 1115 537 ᾗ

147 570 274 630 coepere
296 555 384 610 urbes
406 562 492 627 atque
506 555 639 613 nationes
658 555 805 631 subigere,
832 556 999 613 'lubidinem
1023 552 1067 611 do·
1114 544 1115 619 ἶ

108 705 112 716 ,
144 647 274 706 ¹tuinundi
287 660 422 704 caussam
437 647 505 704 belli
516 648 636 718 habere,
647 668 812 710 maxumam
821 649 943 726 gloriam
954 649 986 706 in
995 662 1068 704 max·

145 759 213 800 umo
222 742 345 816 imperio
358 751 478 818 putare3
500 753 561 799 tum
571 742 687 799 demum
701 743 841 818 ³periculo
852 757 937 818 atque
951 739 1069 818 negotiis

145 845 325 910 compertum
337 845 390 906 est,
400 837 432 894 in
442 837 521 894 bello
535 836 689 912 plurimum
697 836 847 913 ingenium
861 856 956 912 posse.
978 831 1069 902 ⁴Quod

146 929 171 987 si
186 948 289 1006 regum
304 939 389 1005 atque
402 931 608 1006 imperatorum
622 931 711 987 animi
725 933 816 991 virtus
830 933 860 988 iu
875 951 949 1008 pace
969 931 1018 1000 ita,
1031 927 1068 985 uti

110 1069 111 1072 ,
144 1023 173 1080 in
190 1023 278 1093 bello,
294 1024 620 1100 valeret·⁶aequabiliua
634 1033 720 1098 atque
740 1028 920 1084 constantius
939 1043 1006 1082 sese
1025 1041 1069 1079 res

142 1117 288 1177 humanae
302 1120 443 1178 haberent
459 1141 467 1191 ς
496 1138 592 1194 neque
605 1119 695 1176 ‘aliud
709 1120 767 1176 alio
781 1119 860 1188 sarri,
874 1137 970 1194 neque
983 1126 1068 1176 rnatu
1116 1124 1117 1163 ἕ

125 1285 126 1293 ¹
142 1211 167 1270 ri
183 1231 219 1270 ac
234 1214 352 1271 misceri
363 1216 461 1271 omnia
475 1232 625 1271 cerneres.
668 1201 747 1270 Nam
761 1214 913 1290 imperium
927 1213 1014 1271 facile
1026 1210 1069 1269 his

92 1366 100 1372 ,
141 1303 263 1364 'artibus
276 1308 426 1376 retinetur,
451 1307 554 1382 quibus
574 1307 656 1364 initio
666 1317 780 1381 partum
794 1317 848 1364 est.
891 1302 1069 1377 Verum,ubi

141 1399 204 1476 'pro
218 1400 317 1458 labore
333 1400 455 1471 desidia,
477 1401 540 1476 'pro
553 1401 732 1458 continentia
755 1410 786 1459 et
809 1403 956 1476 aequitate
977 1398 1069 1458 lubido
1117 1442 1118 1451 ,

141 1501 228 1570 atque
242 1496 380 1572 superbia
392 1494 540 1564 invasore,
554 1495 692 1565 'lenanu
703 1487 788 1555 simul
802 1515 869 1552 cum
880 1497 1009 1555 moribus
1021 1494 1069 1552 inr-

140 1597 275 1646 mutatur.
308 1589 353 1648 lta
366 1591 520 1666 imperium
533 1607 652 1666 semper
664 1589 701 1646 ad
715 1589 882 1665 ¹¹optumum
903 1605 1070 1667 quemquea

140 1681 236 1740 minua
249 1685 325 1741 bono
339 1684 522 1741 transfertur.
558 1684 643 1748 Quae
653 1684 787 1742 homines
800 1685 914 1757 ¹²araut,
926 1686 1069 1762 navigant,

140 1775 308 1847 aedificant,
322 1777 438 1835 ¹³virtuti
453 1777 551 1835 omnia
564 1787 677 1852 parent.
699 1779 759 1836 Sed
773 1780 854 1836 mulli
868 1782 1015 1850 mortales,
1023 1777 1069 1835 de·

139 1869 190 1929 diti
201 1873 293 1929 ventri
319 1882 405 1947 atque
420 1892 531 1942 somno,
558 1871 667 1929 indocti
695 1873 854 1949 incultique
878 1870 1068 1944 vitam,sicuti
1118 1870 1119 1893 ¹

109 1987 115 1993 ·
138 1965 390 2047 ¹peregrinantes,
405 1977 594 2046 transegere3
625 1967 1067 2045 ¹⁵quibus,prosectocontrane·

137 2072 244 2135 turam,
274 2083 379 2143 corpus
399 2064 547 2140 voluptati,
576 2062 842 2123 auimaouerifuit.
886 2065 997 2125 Eorum
1015 2079 1069 2139 ego
1119 2077 1120 2142 l

137 2158 226 2217 vitam
239 2170 418 2234 mortemque
432 2160 534 2235 '‘juxta
550 2169 692 2230 aestumo,
719 2162 876 2236 ¹'quoniam
901 2161 937 2219 do
952 2171 1067 2233 utraque
1119 2165 1120 2182 ¹

137 2253 250 2312 siletur.
293 2254 406 2313 Verum
425 2254 505 2313 enim
525 2274 595 2313 vero
614 2255 640 2312 ia
654 2254 771 2312 demum
793 2254 972 2313 mihivivere
986 2263 1067 2329 atquc

135 2349 212 2408 ”frui
224 2350 453 2419 animavidetur,
467 2348 546 2424 ¹·qui,
561 2348 658 2423 aliquo
666 2349 785 2425 negotio
794 2348 929 2418 intentus,
939 2348 1067 2424 praecla-

43 2508 45 2513 ,
135 2444 160 2504 ri
185 2444 333 2516 facinoris,
361 2455 411 2503 aut
435 2445 506 2503 artis
528 2446 624 2501 bonae
639 2443 748 2501 samam
767 2442 890 2517 quaerit.
934 2443 1006 2514 Sed,
1019 2440 1066 2497 ³”iu

135 2558 245 2619 magna
258 2541 344 2618 copia
356 2559 463 2611 rerum,
478 2539 578 2598 ¹¹aliud
592 2525 642 2597 alii
655 2549 760 2599 natura
772 2539 829 2597 iter
839 2539 974 2597 ostendit.

71 2666 75 2673 ·
174 2636 229 2696 Ill.
243 2637 418 2721 haeum
430 2645 475 2695 est
485 2637 560 2692 bene
571 2635 670 2691 secere
683 2634 878 2708 reipublicae:
899 2636 989 2692 etiarn
998 2632 1065 2689 ”be-

135 2751 173 2791 ne
187 2731 286 2789 dicere
302 2732 380 2789 haud
389 2729 565 2787 ¹¹absurdum
577 2736 631 2784 est.
674 2726 731 2784 Vel
746 2746 831 2802 pace,
845 2730 891 2786 vel
906 2730 994 2799 bello,
1008 2727 1066 2785 ola·

134 2846 198 2885 rum
212 2826 276 2883 fieri
290 2826 361 2883 licet
375 2844 383 2882 ε
404 2822 455 2881 ”et
468 2825 517 2898 qui
526 2822 637 2892 fecere,
651 2824 740 2897 etqui
754 2824 833 2881 iacta
844 2824 967 2883 aliorum
977 2822 1065 2897 aorip·

134 2940 211 2993 sere,
222 2921 302 2980 multi
313 2920 476 2979 laudantur.
509 2919 554 2976 Ac
563 2917 634 2975 mihi
645 2918 771 2993 quidem,
781 2918 900 2977 ¹5tamen
913 2920 968 2977 etsi
978 2914 1064 2975 haud·

132 3036 277 3095 quaquam
301 3035 355 3092 par
377 3015 471 3093 gloria
497 3023 636 3087 sequatur
662 3015 835 3090 scriptorem
853 3014 1064 3073 et²⁸auctorem

133 3130 241 3183 rerum,
254 3122 353 3170 tamen
367 3111 397 3168 in
411 3109 512 3186 primia
526 3109 647 3167 arduum
662 3109 776 3167 videtur
794 3110 864 3191 'fres
877 3120 977 3187 gestas
995 3104 1063 3164 soti·

132 3210 223 3267 bere:
245 3204 467 3282 primumquod
481 3204 560 3264 saeta
573 3203 681 3263 ”dictis
695 3214 761 3262 sunt
774 3202 965 3279 exaequanda
981 3224 988 3260 :
1017 3200 1063 3257 de·

133 3304 213 3373 hine,
227 3302 295 3377 quia
312 3302 453 3378 plerique,
478 3319 553 3375 quae
569 3291 679 3358 delicta
696 3299 932 3376 reprehenderis,
947 3296 1064 3357 malivo-

133 3398 225 3459 lentia
237 3408 267 3455 et
281 3388 520 3471 invidia¹⁹putant
535 3416 543 3453 ε
564 3395 635 3453 ³'ubi
649 3395 686 3452 de
701 3383 810 3471 magua
820 3394 923 3452 virtute
932 3404 962 3452 et
972 3390 1064 3469 gloria

134 3496 274 3555 benonim
289 3510 443 3563 memores,
465 3510 541 3569 qaue
560 3490 616 3549 sibi
635 3490 755 3566 quiaque
770 3488 868 3547 facilia
883 3490 961 3549 factu
975 3494 1062 3560 putat,
