2259 4050
513 264 562 334 vii

65 475 158 527 cura
174 449 264 524 mihi
281 451 500 522 demandata
527 450 594 522 fuit
623 449 838 546 opusculum
853 461 1003 546 parente

62 608 134 658 suo
151 582 529 673 orbatumintutelam
542 583 885 678 meamrecipiendi.
919 582 1002 654 Non

63 712 186 806 magis
201 711 335 794 officio,
353 733 462 803 quam
475 709 636 804 jucunda
652 712 912 783 beneficiorum
930 733 1006 780 me·

65 814 186 908 moria
200 837 378 908 adductus
392 859 482 921 sum,
493 848 533 910 ut
549 851 642 908 onus
655 838 726 908 hoc
743 837 879 909 laboris
894 835 1007 908 susci-

65 964 240 1058 piendum
263 973 439 1056 putarem.
473 964 588 1035 *Nam
606 989 716 1058 quum
732 989 834 1036 mens
858 989 942 1036 mea
958 964 1009 1034 vi-

64 1101 130 1160 tae
148 1100 343 1160 anteactae
361 1091 530 1183 spatium,
547 1104 657 1184 atque
685 1092 841 1162 ineuntis
860 1091 941 1161 aevi
958 1091 1009 1160 in-

67 1197 213 1286 scitiam
225 1216 408 1308 respicere
419 1216 688 1414 incipi'hunc
698 1217 805 1288 video
815 1217 903 1288 mihi
916 1217 1010 1312 prin-

68 1342 190 1436 cipem
208 1355 244 1413 et
259 1344 306 1413 ad
316 1343 551 1436 ingredienda
606 1346 702 1415 etad
717 1343 1010 1437 prosequendam

68 1449 289 1561 optimorum
307 1469 506 1540 studiorum
524 1469 698 1561 optimam
727 1470 906 1539 rationem
923 1467 1011 1539 exti-

1 1689 2 1694 Ἰ
68 1571 168 1666 tissa.
188 1581 198 1624 ³
220 1593 284 1666 lllo
294 1597 414 1666 facem
427 1595 664 1689 praeferente,
677 1593 826 1664 saecula
838 1592 1010 1688 praeteri-

1 1697 2 1740 i
69 1733 112 1791 ta
125 1721 327 1814 veterisque
342 1718 475 1816 ingenii
488 1719 689 1805 thesauros,
702 1721 820 1791 fausto
832 1720 937 1813 pede,
949 1743 1012 1788 au-

71 1847 267 1941 spiciisque
276 1847 644 1937 secundispaccedere
658 1858 767 1938 atque
778 1846 907 1916 intueri
918 1869 1012 1916 sem-

1 1959 3 2043 i
72 1998 138 2071 per
149 1973 370 2058 facillimum3
386 1985 421 2044 et
435 1971 620 2053 felicesilli
630 1972 757 2064 quibus
768 1972 1010 2065 necimproba

73 2100 178 2170 Siren
188 2100 657 2189 desidiameo-contemptm
672 2098 811 2166 animus
829 2098 1012 2189 nimiaque

72 2226 174 2297 dese
194 2211 411 2294 existimatio
424 2221 560 2293 fructus
578 2220 777 2291 uberrimos
792 2222 1013 2317 percipiendi

1 2394 2 2405 κ
73 2352 313 2426 occasionem
331 2350 550 2422 abstulerint.
593 2348 756 2419 Naturae
771 2352 917 2421 tandem
930 2376 1016 2423 con-

1 2480 3 2528 t
75 2481 190 2554 cessit
223 2480 275 2549 vir
308 2477 406 2547 omni
436 2499 531 2580 mea
549 2475 656 2545 laude
690 2467 945 2567 praestantior,
978 2493 1016 2549 et

76 2607 248 2681 mortalia
278 2594 478 2695 linquens
469 2624 504 2670 m
533 2610 684 2669 aeterna
712 2616 890 2692 rmgravrt
892 2604 1015 2673 —Sed
1104 2605 1107 2609 ’

2 2744 3 2775 f
57 2733 256 2807 'memoria
283 2730 481 2820 laudesque
508 2738 606 2811 tuae,
632 2717 768 2819 optime
801 2722 1017 2823 praecepto-

3 2864 4 2903 ?
78 2882 160 2930 rum
189 2868 298 2947 atque
317 2854 486 2936 amicam,
502 2875 687 2944 nunquam
703 2852 742 2922 in
757 2854 975 2927 oblivione
962 2882 1018 2952 Ja·
1114 2951 1117 2957 Ι

3 3036 4 3041 ,
78 2983 228 3058 nebunt!
271 2982 367 3053 Dum
384 2980 511 3075 pietati
527 2980 655 3066 honos,
673 2981 759 3051 dum
779 2982 939 3077 jucunda
956 2985 1020 3060 hu·

3 3176 4 3181 ,
79 3111 249 3191 manitas,
268 3107 467 3178 exercitata
485 3117 594 3196 atquo
616 3107 805 3200 praeclara
831 3111 1020 3207 disciplina
1089 3188 1093 3194 ,

80 3232 398 3327 conformatioque
429 3232 617 3304 doctrinae
645 3235 742 3328 apud
771 3236 935 3314 homines
959 3264 1008 3315 no
