2259 4050
281 309 288 320 '
346 305 509 368 suavem
530 307 697 367 Carinus.
942 309 981 368 bd
1002 353 1009 360 ,

15 433 17 454 l
67 480 163 538 meque
173 479 352 539 regnumque
367 481 463 526 mcum
477 463 571 538 gloria
583 443 782 522 honoravisti:
813 469 864 518 tua
875 461 979 522 virtute

15 553 17 603 ἶ
67 557 142 614 nobis
152 549 298 616 Romanos
307 575 344 613 ex
355 555 456 638 amicis
463 556 664 613 amicissumos
673 555 784 613 fecisti:
799 555 829 611 iu
835 554 980 631 Hispania

67 643 164 708 nomen
174 650 299 707 familiae
307 633 494 707 renodatam:
517 660 671 723 postremo,
683 650 758 725 quod
770 649 981 708 difficillumum

67 741 132 800 iuter
147 744 285 812 mortalis,
310 743 403 820 gloria
425 745 561 803 iuvidiam
575 743 679 800 vicisti.
723 745 820 814 Nunc,
844 743 984 818 quoniam

14 849 15 854 ’
66 837 126 894 mihi
139 848 244 896 natura
254 838 330 894 vitae
344 837 433 896 finem
446 828 524 908 facit,
536 857 589 914 per
601 839 678 894 hanc
689 839 830 907 dextram,
841 838 905 914 ¹per
914 854 980 916 reg.

14 945 16 954 ¹
65 929 90 986 ui
102 931 188 989 fidem
201 949 306 988 moneo
317 934 512 1007 obtestorque,
521 933 561 989 uti
576 932 638 1000 hos,
652 932 700 1005 qui
719 932 770 987 tibi
783 951 892 1007 genere
915 949 979 1007 pro-

65 1023 162 1099 pinqui,
189 1025 333 1082 beneficio
346 1045 412 1084 mec
437 1026 640 1094 fratressunt,
654 1044 750 1081 xcarus
771 1026 900 1095 habeas3
922 1044 980 1083 neu

13 1129 15 1184 ji
65 1118 138 1174 malis
149 1118 262 1176 alienos
277 1119 448 1196 adjungere,
472 1139 558 1194 quam
573 1118 714 1195 sanguine
730 1119 900 1192 conjunctos
912 1119 979 1177 reti·

64 1227 136 1269 uera.
180 1213 260 1270 'Non
273 1207 429 1282 eirercitus,
442 1243 447 1247 ·
458 1233 552 1288 neque
567 1212 696 1270 thesauri
724 1211 869 1287 praesidia
895 1212 980 1290 regni

13 1309 15 1348 ὲ
64 1315 130 1375 sunt,
143 1324 248 1364 verum
263 1307 360 1375 amici,
375 1326 446 1381 quos
459 1326 553 1381 neque
570 1308 660 1365 armis
672 1326 790 1384 cogere,
804 1325 899 1381 neque
909 1324 980 1364 auro

65 1399 157 1470 parare
188 1411 297 1472 queas:
319 1399 425 1456 ³offici0
453 1410 481 1456 et
508 1401 565 1466 fide
588 1389 747 1475 pariuntur.
787 1400 872 1466 ⁴Quis
883 1410 980 1458 autem

13 1515 15 1570 ξ
64 1491 185 1562 traiciat,
199 1512 286 1566 quam
297 1493 388 1550 frater
402 1493 483 1553 fratri
499 1495 515 1550 l
532 1504 581 1550 aut
595 1514 680 1567 quem
695 1494 821 1550 alienum
835 1495 924 1549 fidum
937 1494 979 1550 iu·

13 1575 14 1606 l
65 1577 164 1656 venies,
177 1587 202 1642 si
216 1587 273 1644 tuis
286 1587 377 1642 hostis
391 1585 502 1641 fuerisl
533 1586 677 1658 Equidem
692 1603 748 1660 ego
763 1584 843 1640 vobis
856 1603 980 1662 regnum

13 1762 19 1803 l

15 1980 18 1989 ι

15 2004 18 2013 v

11 2392 17 2495 l

13 2521 17 2563 l

12 2781 18 2894 l

64 1681 134 1738 trado
148 1681 278 1749 firmum,
292 1680 317 1736 si
331 1679 399 1736 boni
413 1678 492 1735 eritis
508 1699 515 1748 3
538 1669 584 1734 sin
597 1679 676 1748 mali,
690 1678 878 1736 imbecillum.
900 1679 979 1738 Nam

13 1825 14 1832 ,
64 1775 212 1833 concordia
226 1792 333 1848 parvae
348 1791 396 1830 res
410 1781 555 1842 crescunt,
571 1773 716 1829 discordia
729 1791 882 1832 maxumae
897 1774 978 1832 ⁵dila.

64 1866 167 1928 buntur.
203 1867 342 1926 Ceterum
356 1874 423 1922 autc
436 1866 490 1922 hos
503 1874 543 1935 te,
558 1865 711 1942 Jugurtha,
722 1867 770 1942 qui
785 1878 880 1925 aetate
895 1877 978 1928 etsa·

65 1961 164 2037 pientia
177 1961 258 2038 prior
270 1979 311 2030 es,
336 1978 373 2016 ne
388 1959 472 2016 aliter
485 1960 552 2035 quid
568 1960 694 2030 eveniat,
714 1961 866 2036 providere
881 1963 976 2021 decet.

64 2054 144 2127 Nam,
155 2058 187 2114 in
200 2054 278 2114 omni
292 2055 461 2127 certamine,
484 2056 534 2128 qui
556 2054 787 2129 opulentiorem,
802 2043 915 2111 etiamsi
929 2074 979 2114 ac.

64 2150 124 2225 cipit
135 2150 284 2227 iujuriam,
298 2148 367 2222 quia
380 2149 444 2223 plus
460 2156 562 2222 potest,
577 2148 677 2205 faeere
691 2148 813 2205 videtur.
855 2148 917 2207 Vos
928 2169 978 2209 au.

63 2252 123 2317 tem,
138 2244 287 2303 Adherbal
301 2252 330 2299 et
345 2242 507 2317 Hiempsal,
523 2243 620 2312 colite,
634 2243 786 2309 observate
800 2243 891 2301 talem
900 2245 978 2305 bunc

13 2345 17 2388 l
64 2338 159 2409 virum,
173 2337 323 2397 imitamini
337 2337 479 2407 virtutem,
490 2346 520 2394 et
534 2337 685 2406 enitimini,
708 2356 745 2396 ne
766 2357 823 2417 ego
843 2339 979 2400 meliores

64 2431 163 2493 liberos
176 2432 325 2491 ⁶sumsisse
335 2432 444 2501 videar,
458 2450 544 2506 quam
559 2430 729 2507 genuisse.’'

96 2520 147 2585 XI.
162 2528 211 2587 An
225 2546 262 2585 ea
272 2525 424 2603 iugurtha,
439 2524 552 2583 tametsi
576 2542 678 2597 regem
691 2524 772 2579 ⁷licta
784 2525 912 2582 locutum
935 2526 978 2584 in.

65 2621 224 2699 allegebat,
239 2622 343 2697 etipse
357 2622 444 2697 longe
459 2619 543 2676 aliter
554 2615 650 2673 animo
666 2615 804 2691 agitabat,
818 2625 916 2673 tamen
926 2636 991 2692 prux

66 2722 187 2793 tempore
201 2716 328 2793 benigne
343 2713 499 2789 respondit.
542 2710 668 2785 Micipsa
677 2708 780 2784 paucis
792 2706 905 2766 'diebus
918 2728 978 2768 mc.

66 2807 140 2867 rittu.
161 2810 315 2886 Postquam
329 2809 380 2878 illi,
394 2825 474 2865 more
497 2806 591 2882 regio,
604 2804 690 2880 ”justa
716 2803 873 2881 magnifice
900 2804 978 2863 sece-

67 2912 134 2974 rant,
147 2904 260 2981 ¹⁰reguli
274 2903 304 2960 in
313 2921 403 2959 unum
416 2918 591 2969 convenere,
604 2899 646 2956 uti
669 2899 745 2957 inter
764 2917 797 2956 se
815 2898 852 2956 de
867 2900 980 2959 cunctis

12 2994 13 3049 l
67 2998 182 3074 negotiis
195 2998 400 3072 disceptarent.
431 2994 491 3052 Sed
505 2993 667 3069 Hiempsal,
679 2992 728 3066 qui
738 2992 881 3053 minumus
895 3012 933 3054 ax
945 2994 979 3052 il·

12 3097 16 3117 *
67 3085 109 3158 lis,
131 3102 232 3150 natura
255 3090 350 3161 ferox,
374 3089 461 3149 etiam
476 3098 562 3146 antea
586 3086 795 3164 ignobilitatem
816 3087 980 3165 iugurthae

69 3178 145 3257 [quia
156 3194 287 3243 materno
296 3203 406 3261 genere
415 3184 508 3259 impar
517 3180 592 3250 erat]
607 3179 783 3255 despiciens,
790 3180 914 3241 udextra
920 3181 980 3244 Ad·

67 3270 209 3337 herbulam
221 3278 334 3339 adsedit
346 3299 354 3348 ;
376 3297 414 3337 ne
427 3276 592 3355 mediusex
604 3274 705 3345 tribus,
718 3274 794 3349 quod
806 3274 905 3352 uapud
918 3276 980 3337 Nu·

66 3367 155 3427 midas
176 3372 278 3432 honori
292 3371 414 3441 ducitur,
441 3370 586 3448 Jugurtha
598 3369 683 3427 soret.
725 3368 806 3430 Dein
816 3378 924 3437 tamen,
937 3368 980 3426 uti

67 3464 342 3536 aetaticcncederet,
350 3464 532 3598 ¹³fatigatugp
540 3462 980 3541 fratre,vi1inpartamaltsram
