2259 4050
128 296 170 363 ’ὦ
411 290 579 355 Sauursrrr
598 286 773 349 Jueurrar.

129 449 329 527 magisumum
341 444 520 504 nitebantur:
542 462 617 519 quae
631 440 772 500 dissensio
786 440 871 498 totius
881 440 949 501 anni
960 443 1054 502 somi-

129 543 172 601 tia
183 544 368 619 impediebat.
410 540 457 597 Ea
470 557 552 597 mora
564 539 595 595 iu
606 557 688 613 spem
699 535 839 593 adductus
849 536 952 604 Aulus,
963 554 1056 609 quem

129 655 182 713 pro
195 644 328 712 praetore
341 634 488 691 incastris
502 633 634 690 relietum
648 630 882 705 supradiximus,
898 639 947 687 aut
961 631 1057 689 eonfi-

130 730 227 787 oiundi
242 729 319 798 belli,
333 737 383 785 aut
394 738 505 785 terrore
519 727 666 788 exereitus
681 726 717 785 ab
727 743 797 800 rege
809 724 960 798 'pecuniae
972 726 1057 799 oapi.

130 822 234 891 undae,
244 822 349 879 milites
362 840 463 881 mense
476 815 616 879 Ianuario
640 838 675 877 ex
699 818 826 875 hibernis
848 818 878 873 in
893 819 1059 893 expeditio·

107 922 328 975 'nemevoeatr
348 915 462 992 magnis
475 914 635 983 itineribus,
660 914 756 971 hieme
780 930 893 987 aspera,
922 914 1060 987 pervenit

129 1006 167 1065 ad
194 1009 329 1083 oppidum
354 1008 478 1078 'Suthul
505 1008 554 1065 ubi
578 1008 658 1082 regis
679 1006 807 1064 thesauri
831 1015 925 1064 erant.
967 1008 1061 1072 Quod

115 1120 302 1177 .quamquam
316 1111 345 1161 et
358 1102 480 1160 saevitia
493 1102 640 1176 temporis,
652 1109 681 1157 et
694 1099 905 1174 opportunitate
919 1101 986 1170 loei,
1003 1120 1061 1157 ne.

128 1214 184 1269 que
199 1197 275 1271 capi,
290 1214 384 1269 neque
398 1195 525 1251 obsideri
547 1203 668 1269 poterat,
696 1192 790 1271 3(ιιιιιιι
805 1194 916 1257 circum
930 1214 1059 1266 murum,

45 1296 52 1305 ’
128 1289 215 1345 situm
228 1289 258 1343 in
268 1288 414 1362 praerupti
427 1288 533 1345 montis
548 1298 686 1356 extremo,
710 1288 851 1363 planicies
875 1289 978 1347 limosa
992 1292 1058 1349 hie·

128 1381 251 1437 malibus
264 1380 346 1455 aquis
356 1382 490 1456 paludem
501 1380 635 1458 fecerat)
646 1390 753 1450 tamen,
766 1392 815 1438 aut
825 1384 976 1441 simulandi
985 1404 1057 1461 gra.
1071 1385 1075 1390 ’

21 1520 32 1539 ,
128 1475 179 1544 tia,
193 1494 327 1553 quoregr
319 1476 522 1534 fonnidinem
542 1476 671 1546 adderet,
696 1485 746 1533 aut
773 1476 908 1551 cupidine
934 1498 1058 1551 caecae,
1125 1536 1129 1563 ,

128 1569 241 1628 ‘vineas
255 1590 355 1649 agere,
368 1570 541 1669 ⁵aggerem
530 1590 642 1647 jecere,
668 1571 736 1641 alia,
764 1590 838 1646 quae
860 1566 976 1647 incepto
989 1577 1057 1632 usui

128 1662 232 1732 forent,
246 1682 414 1740 properare.

122 1751 124 1754 ’
168 1756 333 1816 XXXVIII.
349 1760 397 1815 Ar
410 1758 562 1835 Iugurtha,
575 1760 693 1835 cognita
706 1760 849 1819 ·⁰vanitate
864 1770 949 1836 atque
963 1763 1059 1839 impe·
1119 1766 1126 1774 '

130 1851 194 1909 ritis
207 1851 305 1927 legati,
330 1851 476 1909 subdolus
499 1872 608 1931 augere
624 1856 800 1913 amentiam:
822 1856 964 1915 missitare
988 1879 1056 1935 sup·
1119 1912 1125 1933 ὦ

80 2016 83 2019 ἢ
128 1944 263 2022 plieantis
276 1947 409 2026 legatos:
431 1947 504 2024 ipse,
518 1948 601 2022 quasi
615 1948 796 2020 vitabundus,
812 1970 864 2028 per
874 1953 1002 2011 saltuosa
1012 1956 1057 2014 Io-
1124 1954 1125 1969 ³

128 2069 165 2108 ca
178 2032 210 2108 et
220 2049 350 2108 tramites
373 2047 534 2105 exereitum
555 2048 685 2114 ductare.
728 2045 863 2121 Denique
878 2049 985 2106 Aulum
999 2072 1051 2132 spe
1121 2020 1126 2077 l

127 2145 269 2222 pactionis
282 2143 416 2220 perpulit,
431 2143 480 2211 uti,
500 2142 603 2199 relieto
614 2142 743 2211 Suthule,
754 2143 786 2198 ie·
794 2144 906 2201 abditas
917 2147 1057 2224 regiones

127 2257 204 2307 sese,
218 2239 306 2295 veluti
320 2237 482 2306 cedentem,
500 2237 723 2310 ⁸insequeretur.
764 2236 881 2296 Interea
895 2259 948 2317 per
962 2245 1053 2302 homi.
1118 2233 1126 2243 '¹

127 2351 182 2391 nes
195 2331 317 2389 callidos
330 2330 377 2387 die
390 2339 533 2403 noctuque
547 2331 707 2388 exereitum
731 2330 888 2398 ⁰tentabatr
910 2341 1053 2398 centurio.
1128 2371 1129 2376 κ

119 2444 181 2485 -nes
194 2424 342 2505 ducesque
355 2424 543 2494 ¹⁰turmarum,
558 2425 662 2500 partim
675 2427 715 2483 uti
729 2426 954 2504 transfugerent,
972 2432 1052 2510 [cor.
1095 2433 1099 2442 “
1128 2443 1129 2518 p

126 2538 262 2596 rumpere
269 2517 297 2596 ς]
320 2519 380 2589 elii,
407 2519 492 2596 signo
514 2520 593 2589 dato,
619 2522 715 2578 loeurn
735 2521 775 2578 uti
797 2522 990 2585 desererent:
1013 2530 1053 2587 ita
1128 2519 1129 2600 l

124 2614 235 2674 'delicta
248 2615 489 2680 occultiorasore.
523 2615 609 2680 Quae
621 2624 771 2690 postquam
781 2637 818 2674 ex
829 2621 974 2679 sententia
989 2623 1053 2682 ¹¹in.
1128 2613 1129 2616 ’

126 2710 219 2779 struit,
233 2711 406 2788 intempesta
419 2719 515 2778 nocte,
529 2698 566 2765 de
581 2709 735 2784 improviso
749 2711 927 2772 multitudine
944 2716 1052 2775 Numi.

66 2853 76 2864 ,
126 2803 229 2860 darum
241 2803 310 2860 Auli
324 2811 421 2864 eastra
434 2802 633 2861 circumvenit.
664 2803 774 2862 Milites
785 2805 919 2877 Romani,
930 2813 1052 2870 tumultu

126 2895 253 2972 perculsi
275 2895 400 2964 insolito,
424 2914 507 2953 arma
521 2915 629 2972 capere
643 2899 703 2967 alii,
730 2899 779 2956 alii
793 2918 827 2956 se
841 2903 959 2973 abdere,
982 2923 1054 3000 pars

125 2990 241 3051 territos
255 2989 446 3060 confirmar03
468 2991 613 3066 trepidare
627 2993 760 3050 omnibus
773 2994 863 3052 locis-r
884 2997 928 3053 vis
943 2995 1053 3078 magna
1128 3015 1129 3064 ι

59 3135 61 3138 ι
119 3083 276 3153 ,hostium
297 3084 413 3149 eoelum
425 3094 511 3144 noete
525 3089 610 3160 atque
624 3087 747 3144 nubibus
758 3089 962 3162 obscuratum
980 3093 1052 3170 ''pe-
1128 3067 1129 3146 l

125 3175 249 3235 ticulum
262 3195 391 3252 anceps:
412 3188 558 3253 postremo
572 3179 685 3255 fugere,
700 3198 738 3235 aa
752 3192 882 3260 marram,
904 3187 994 3244 tutius
1008 3187 1054 3247 l'o-
1128 3173 1129 3194 ³

126 3278 181 3342 ret,
192 3269 224 3345 in
236 3270 348 3333 incerto
362 3281 434 3334 erat.
476 3273 536 3328 Sed
549 3291 589 3328 ex
601 3291 637 3330 eo
651 3288 781 3343 numero,
800 3293 872 3350 quos
884 3281 986 3354 perulo
998 3303 1053 3346 an.

126 3373 156 3427 to
170 3373 321 3440 corruptos
332 3365 465 3452 diximus,
480 3366 585 3422 cohors
599 3363 658 3426 una
671 3366 847 3444 ¹³Ligurnm,
856 3392 924 3432 enar
938 3376 1056 3437 manis
1128 3447 1129 3452 η

126 3457 228 3523 mnis
241 3457 422 3531 simaeum,
434 3467 464 3518 et
476 3459 578 3542 paucis
592 3461 734 3548 gregariis
744 3463 891 3537 militibus,
907 3472 1054 3539 mandere
