2259 4050
55 72 194 195 &sapa
211 84 304 197 lt?

158 286 214 345 112
432 287 786 347 Sarnusnurlueunrna.
843 281 850 288 ”

154 442 287 518 publicae
301 442 437 499 innoxiae
448 443 523 499 cladi
538 456 613 500 sunt.
655 446 685 501 N
687 464 751 513 une,
767 443 901 518 quoniam
912 444 977 511 illis,
989 462 1072 517 quan-

153 543 213 591 tum
227 537 322 612 mores
337 536 403 602 mei,
418 537 598 592 nonillorum
615 538 724 613 flagitia
744 540 911 611 poscebant,
931 539 1071 611 respondi,
1119 548 1120 555 ’

154 647 249 703 panea
261 630 298 685 de
313 629 461 701 republica
474 630 584 702 loquar.
628 631 755 687 Primum
769 630 905 704 omniurn,
921 630 959 685 de
972 630 1069 686 Numi-

154 721 202 777 dia
216 723 322 777 bonum
348 722 482 778 habetote
507 724 645 791 animum,
671 725 808 787 Quirites,
850 724 1026 795 Nam5quae
1042 724 1073 780 ad

154 815 210 870 hoe
224 823 337 887 tempus
347 814 522 889 Jugurtham
535 825 595 872 tuta
609 826 684 885 sunt,
699 818 795 873 omnia
809 816 980 883 removistis,
1001 818 1073 873 ¹ava·

73 926 82 937 ‘
154 907 258 975 ritiam,
273 907 454 981 imperitiam,
469 910 643 983 superbiam.
686 911 799 967 Deinde
815 902 960 966 exercitus
970 910 1009 966 ibi
1025 920 1073 979 est,

63 1050 69 1058 .
141 1001 281 1075 ⁴locorum
297 1001 409 1071 sciens3
432 1004 483 1057 sed
511 1004 677 1059 mehercule
703 1005 797 1079 magis
825 1014 967 1070 strenuus,
991 1023 1073 1077 quam

154 1092 234 1150 selix.
277 1096 355 1153 Nam
369 1115 475 1171 magna
489 1116 556 1170 pars
569 1082 697 1166 avaritia,
724 1108 773 1153 aut
796 1098 957 1153 temeritate
972 1098 1074 1153 dueum
1119 1082 1122 1147 i

154 1188 259 1244 adtrita
272 1199 327 1245 est.
363 1191 560 1252 Quamobrem
574 1210 637 1259 vos,
649 1192 751 1264 quibus
765 1190 907 1247 ²militaris
922 1199 1014 1258 aetas
1030 1193 1074 1246 ad·
1119 1208 1120 1215 ¹

155 1282 275 1337 nitinrim
289 1278 414 1349 meeum,
430 1293 458 1337 et
468 1284 614 1355 capessite
628 1285 852 1358 rempublicam:
874 1302 968 1356 neque
980 1302 1073 1355 quem·

136 1382 241 1447 ‘quam
255 1394 292 1429 ex
306 1376 470 1429 calamitate
485 1376 618 1445 aliorum,
647 1387 694 1433 aut
718 1379 924 1450 imperatorum
939 1378 1074 1449 superbia

155 1478 247 1551 metus
262 1470 401 1543 ceperit.¹
427 1468 553 1542 Egomet
576 1470 605 1524 in
620 1470 745 1543 agmine,
757 1470 786 1524 in
802 1470 911 1542 praelio
932 1472 1074 1526 consultor

155 1562 240 1629 idem,
255 1574 284 1618 et
296 1563 393 1617 socius
407 1562 528 1635 periculi
550 1562 698 1617 vobiscum
722 1562 828 1641 ader03
850 1580 954 1635 meque
969 1582 1073 1637 vosque

155 1655 184 1710 in
195 1657 326 1710 omnibus
337 1658 422 1711 rebus
432 1656 524 1727 juxta
534 1638 646 1729 geram.
690 1656 729 1711 Et
744 1656 882 1729 prosecta,
897 1656 940 1711 dis
952 1642 1074 1729 juianti-

155 1750 216 1813 bus,
225 1748 328 1803 ‘omnia
342 1758 455 1803 matura
466 1735 540 1815 sunt,
556 1749 686 1816 victoria,
709 1750 829 1822 praeda,
858 1750 939 1805 laus:
963 1770 1037 1823 quae
1052 1752 1073 1807 si

155 1841 242 1896 dubia
255 1850 304 1895 aut
315 1842 414 1913 procul
428 1851 535 1908 essent,
559 1850 657 1895 tamen
677 1824 770 1897 omnis
794 1844 884 1898 bon'os
899 1843 1075 1916 reipublicae
1119 1874 1120 1889 t

155 1934 324 2008 subvenire*
335 1934 467 1989 'decebat
519 1934 647 1989 Etenim
660 1935 775 2009 ignavia
799 1956 884 1992 nemo
907 1937 1074 1993 immortalis

155 2029 264 2090 sactus:
274 2049 380 2103 ,neque
394 2029 545 2103 quisquam
559 2047 663 2102 parens
677 2031 783 2098 liberie,
798 2031 837 2086 uti
854 2031 965 2085 aeterni
975 2031 1075 2100 forent,
1118 2022 1119 2032 ¹

154 2126 285 2198 optavit3
307 2125 410 2199 magiS,
438 2108 478 2180 uti
507 2123 573 2180 boni
598 2124 767 2197 honestique
797 2125 884 2179 vitam
913 2125 1071 2200 exigerent.

100 2237 101 2241 ¹
155 2218 241 2273 Plura
251 2218 389 2284 dicerem,
405 2217 544 2284 Quirites
573 2217 597 2271 si
611 2217 716 2273 timidis
730 2217 863 2272 virtutem
878 2218 968 2273 verba
992 2219 1073 2274 adde-

156 2320 232 2378 rent3
255 2300 321 2380 nam
335 2311 458 2364 strenuis
472 2311 584 2364 abunde
596 2311 702 2365 dictum
714 2309 813 2384 puto.’'

195 2402 356 2462 LXXXVI.
375 2402 590 2461 Hurusoanonr
605 2405 733 2460 oratione
748 2404 855 2471 habita,
876 2403 988 2460 Marius
1003 2414 1073 2478 post·

154 2497 471 2571 quamplebisanimos
485 2509 613 2553 arrectos
635 2498 721 2565 videt,
750 2516 871 2570 propere
900 2507 1071 2562 commeatu,
1121 2515 1122 2530 ¹

154 2591 307 2665 stipendio,
322 2591 419 2658 armis,
434 2590 498 2646 aliis
513 2591 627 2646 utilibus
641 2591 723 2646 navis
737 2599 858 2646 onerat:
880 2577 947 2646 eum
962 2577 1017 2646 'his
1036 2591 1069 2645 A.

155 2685 297 2740 Manlium
310 2687 437 2759 legatum
462 2683 606 2756 proficisci
628 2685 722 2757 jubet.
764 2683 832 2756 Ipse
846 2683 958 2738 interea
972 2683 1072 2739 milites

154 2778 294 2844 seribere,
305 2796 362 2831 nou
377 2770 455 2830 more
470 2777 620 2850 majorum,
635 2795 728 2849 neque
741 2775 788 2832 ³ex
803 2776 955 2844 classibus,
971 2772 1071 2831 sedati

154 2869 293 2942 cujusque
318 2869 413 2924 lubido
427 2879 497 2936 erat,
516 2869 923 2943 ⁴oapiteoensos1plerosque.
966 2869 1000 2925 Id
1014 2868 1071 2924 fao·

155 2972 215 3020 tum
239 2962 288 3018 alii
310 2961 408 3034 inopia
430 2962 588 3030 ⁵bonorum,
617 2963 665 3018 alii
685 2981 737 3037 per
751 2961 936 3026 ambitionem
951 2959 1074 3018 consulis
1119 3001 1120 3004 ,

153 3057 372 3131 memorabant3
394 3057 469 3128 quod
484 3057 520 3111 ab
536 3076 574 3112 eo
587 3075 695 3132 genem
716 3057 882 3111 celebratus
906 3055 1073 3127 ⁶auctusque

155 3157 218 3209 erat
228 3168 237 3217 ς
253 3157 282 3202 et
293 3149 402 3205 homini
411 3150 569 3223 potentiam
580 3149 728 3222 quaerenti
738 3149 950 3223 egentissumus
959 3149 1074 3221 quisque

155 3225 430 3317 opportunissumus,
442 3243 489 3298 oui
504 3261 599 3314 neque
626 3260 679 3297 sua
693 3259 792 3310 curae,
809 3242 913 3316 quippe
928 3261 1003 3316 quae
1017 3239 1074 3296 nul-

154 3337 185 3393 la
197 3345 272 3405 sunt,
286 3346 316 3392 et
328 3337 425 3395 omnia
448 3335 527 3393 7cum
552 3335 645 3408 pretio
659 3336 782 3392 honesta
800 3337 942 3392 videntur.
984 3334 1075 3411 Igitur
1121 3373 1122 3418 p

150 3428 266 3504 ,Marius
280 3449 346 3488 oum
358 3429 467 3504 majore
492 3429 637 3502 aliquanto
659 3446 789 3504 numero,
811 3447 901 3506 quam
927 3430 1075 3489 decretum
