2259 4050
291 322 294 333 .
336 260 692 361 Sbmustuaun'rnA.
791 310 797 317 ·
831 272 837 281 ’
905 262 971 336 ’116

53 429 117 487 dero
130 444 189 484 non
202 435 334 502 poterat3
356 429 461 502 quippe
476 430 563 485 etiarn
577 429 713 487 frumenti
724 430 822 506 inopia
841 434 970 491 tentaba-

51 529 99 591 tur,
124 521 199 595 quod
221 521 365 577 Numidae
388 523 493 595 pabulo
517 510 641 595 pecoris,
662 524 767 599 magis,
791 543 877 597 quam
891 526 970 583 ¹arvo
1047 569 1050 573 -

51 617 168 696 audent,
180 622 210 669 et
222 615 420 687 quodcumque
435 625 534 671 natum
544 616 647 684 fuerat,
661 606 750 691 vjussu
773 618 852 692 regis
863 618 891 673 in
907 618 972 673 loca

50 709 155 765 munita
169 708 359 776 contulerant,
374 726 445 782 ager
465 719 564 764 autem
584 710 680 768 aridus
692 719 720 765 et
735 711 849 785 frugum
863 730 972 767 vacuus
990 745 998 757 ·

51 811 275 875 eatempestate,
289 819 357 855 nam
380 802 499 856 aestatis
517 812 678 866 extremum
695 813 772 872 erat3
794 786 891 859 tamen
909 805 971 878 'pro

50 896 89 952 rei
116 895 201 968 copia
226 895 297 949 satis
319 894 502 967 providenter
523 908 661 951 exornat:
684 908 773 969 p'ecus
787 916 882 969 omne,
897 899 971 971 quod

50 990 240 1063 superioribus
255 988 357 1043 diebus
371 989 497 1061 praedae
521 989 624 1057 suerat,
650 991 792 1063 equitibus
815 984 971 1048 auxiliariis

50 1084 190 1159 agendum
205 1082 356 1137 adtribuit:
378 1084 415 1147 A,
429 1083 570 1137 Manlium
585 1083 712 1157 legatum
727 1102 793 1138 oum
808 1086 972 1141 cohortibus

50 1176 186 1251 expeditis
201 1177 238 1231 ad
251 1176 389 1249 oppidum
401 1174 507 1243 ³Laris,
524 1177 577 1231 ubi·
587 1173 759 1249 stipendium
783 1186 813 1232 et
828 1196 971 1234 commea-
1002 1212 1008 1217 ν
1030 1221 1033 1227 .

49 1282 105 1327 tum
124 1261 281 1337 locaverat,
305 1269 347 1323 ire
359 1268 460 1340 jubet3
482 1268 524 1327 ⁴se
538 1256 776 1343 praedabundum
790 1284 853 1345 post
864 1290 972 1345 paucos

50 1366 109 1419 dies
120 1364 221 1438 eodem
236 1372 399 1418 venturum.
442 1363 491 1418 Sic
502 1364 617 1437 incepto
632 1384 684 1419 suo
699 1366 821 1433 occulto,
833 1366 926 1441 pergit
935 1366 971 1422 ad

51 1460 154 1514 fiumen
168 1458 294 1513 'sanum

86 1550 163 1608 XCI.
181 1551 333 1606 Caranum
348 1551 377 1605 in
391 1551 493 1607 itinere
508 1552 633 1623 quotidie
657 1570 746 1625 pecus
761 1553 900 1608 exercitui
917 1572 972 1626 per

12 1707 13 1712 η
50 1646 202 1711 centuriae,
217 1646 284 1700 item
294 1654 413 1710 turmae,
426 1646 587 1717 aequaliter
596 1646 788 1713 distribuerat,
798 1655 827 1701 et
838 1664 873 1701 ex
885 1647 972 1702 coriis

12 1766 13 1800 i
49 1750 123 1795 utres
134 1750 162 1794 ut
152 1719 285 1795 tlieronti
296 1741 431 1794 curabat:
453 1740 579 1794 simult
549 1748 579 1793 et
589 1739 715 1813 inopiam
725 1738 860 1809 frumenti
870 1740 979 1809 lenire,²

12 1813 13 1929 l
49 1843 83 1902 et,
93 1822 341 1909 ignarisomnibus
345 1852 471 1907 ,parare
480 1834 816 1909 quaemoxusqiforent.
839 1832 971 1907 Denique
1005 1837 1022 1877 ·'

50 1939 127 1984 sexto
140 1919 196 1994 die,
212 1947 283 1985 eum
294 1927 330 1982 ad
344 1920 450 1983 flumen
462 1938 579 1984 ventum
603 1938 657 1995 est,
682 1948 817 1984 maxuma
841 1928 883 1984 vis
905 1929 972 1984 utri·

49 2042 93 2078 um
98 2024 234 2104 effecta.
262 2020 305 2078 Ibi
320 2022 423 2078 castris
437 2024 493 2077 levi
507 2022 666 2107 munimem
667 2043 684 2077 o
695 2022 769 2095 posit
771 2022 805 2090 is,
759 2022 957 2077 tmilites'
932 2041 972 2078 er-

26 2187 28 2192 1
51 2118 113 2171 bum
128 2135 245 2190 capere,
261 2125 356 2190 atque,
367 2116 406 2171 uti
416 2092 501 2171 simul
510 2136 577 2195 oum
588 2135 694 2172 occasu
706 2116 774 2170 solis
789 2115 973 2211 ⁵egrederen·

51 2220 101 2279 tur,
108 2223 224 2284 paratos
233 2230 298 2280 esse
304 2211 403 2284 jubet;
418 2191 549 2266 omnibus
558 2210 681 2265 sarcinis
692 2205 821 2283 abjectis,
833 2226 973 2285 aquamo-
994 2209 1011 2268 ’.

52 2304 85 2360 do
98 2325 187 2378 seque
204 2305 375 2377 etjumenta
388 2324 521 2360 onerare.
544 2305 631 2372 Dein,
647 2313 797 2378 postquam
811 2313 923 2378 tempus
935 2305 974 2361 vi·
995 2372 999 2377 Ι

53 2390 123 2466 sum,¹
136 2399 240 2455 castris
250 2399 406 2474 egreditur,
416 2408 588 2470 noctemque
599 2408 687 2454 totam
697 2398 799 2454 itinere
808 2398 895 2466 facto,
907 2418 974 2456 con·

54 2483 141 2548 sedit:
163 2486 241 2549 idem
256 2512 396 2567 proxuma
410 2492 501 2547 facit:
524 2489 591 2548 dein
606 2493 701 2559 tertia,
721 2494 811 2548 multo
824 2502 891 2548 ante
902 2494 976 2550 lucis

56 2585 213 2655 adventum,
226 2587 356 2661 pervenit
374 2587 514 2642 inlocum
534 2586 718 2652 tumulosum,
741 2588 777 2640 ab
798 2585 901 2658 Capsa.¹
919 2605 977 2668 non

12 2672 13 2747 l
57 2682 172 2752 amplius
188 2683 275 2737 duum
289 2682 412 2737 millium
425 2681 593 2748 mtervallo
617 2679 723 2752 ibique,
744 2698 830 2752 quam
844 2679 976 2736 occultis-

12 2744 13 2839 l
57 2786 133 2828 sume
128 2785 252 2854 potest,
273 2793 340 2830 oum
363 2775 495 2832 omuibus
520 2774 611 2848 copiis
634 2774 791 2848 opperitur.
835 2773 904 2842 Sed,
928 2775 977 2832 ubi

12 2846 13 2946 l
57 2863 113 2943 dies
124 2868 230 2940 eoepit,
242 2879 270 2924 et
284 2868 439 2936 Numidae,
450 2869 518 2924 nibil
530 2869 633 2925 hostile
644 2878 814 2938 metuentes,
827 2869 910 2926 multi
929 2889 978 2944 op·

12 2978 13 3053 p
57 2939 117 3028 pido
131 2961 263 3034 egressi,
284 2973 404 3035 repente
419 2982 534 3018 ornnem
548 2963 715 3036 equitatum,
738 2972 848 3019 etcum
871 2963 916 3020 his
930 2983 978 3024 ve·

12 3054 29 3103 l
56 3049 224 3110 locissnmos
238 3053 351 3128 pedites
373 3075 458 3112 eursu
472 3057 591 3113 tendere
613 3057 649 3112 ad
664 3056 801 3131 Capsam,
830 3066 859 3116 et
882 3067 980 3132 portus

12 3158 13 3161 ’
58 3146 185 3204 obsidere
196 3149 296 3222 jubet:
318 3148 444 3205 deinde
437 3168 499 3224 lpse
513 3151 605 3208 intent
606 3170 639 3208 us
664 3169 786 3226 propere
812 3153 905 3226 sequi,
930 3172 980 3210 ne-

12 3267 14 3389 p
56 3254 107 3311 quo
129 3243 235 3299 milites
263 3241 408 3318 praedari
425 3243 531 3300 sinere.
574 3246 659 3310 Quae
670 3255 826 3320 postquam
840 3248 979 3322 oppidani

57 3347 235 3408 cognovere3
257 3337 316 3394 ⁰res
342 3337 483 3411 trepidae,
511 3350 606 3395 metus
626 3341 739 3416 ingens,
754 3342 883 3399 malurn
876 3361 980 3416 impro-

12 3424 13 3499 ᾗ
57 3425 156 3498 visum,
170 3431 209 3488 ad
221 3431 279 3488 hoc
292 3451 361 3507 pars
370 3431 476 3491 civium
485 3441 568 3490 extra
582 3435 697 3491 moenia
710 3435 741 3491 in
754 3435 878 3492 hostium
886 3445 979 3510 potes·
