2259 4050
348 348 506 407 Ssrausrri
527 336 703 407 ianuam.
924 334 986 411 'Ml⁴
1057 368 1062 374 ·

74 503 176 585 gitsre,
189 501 339 578 Metellum
352 497 483 563 munibus
502 508 689 565 concionibus
709 506 812 584 capitis
826 522 985 581 arcemn,

74 600 159 659 Harii
172 600 304 659 virtmem
318 601 347 662 in
362 604 454 677 majus
464 603 624 661 celebrare.
666 602 799 678 Denique
820 604 920 679 plebes
943 605 989 662 sic

74 689 209 765 accensa,
218 696 259 758 uti
270 696 390 773 opifices
400 707 585 775 agrestesque
592 698 839 779 omnesffqaorum
847 718 894 757 res
901 698 986 758 fidas·

74 791 170 869 quein
184 791 402 856 manibus‘situe
416 802 506 863 erant,
530 794 638 854 relictis
658 794 800 869 operibus,
814 792 988 870 'imquenta-

73 895 133 945 rent
143 885 279 957 Marium,
294 890 389 945 et'sua
402 889 570 946 necessaria
583 871 651 965 post
658 889 735 946 illius
748 889 884 947 honorem
897 890 984 948 duca.

71 991 143 1040 rent.
170 979 241 1053 Ita,
256 984 391 1058 perculsa
403 982 567 1053 nobilitate
579 984 653 1059 ³post
676 981 779 1041 rnultas
799 994 999 1062 tempestates·

72 1096 142 1136 novo
155 1077 266 1136 homini
280 1079 444 1136 consulatus
457 1079 624 1136 mandatur:
647 1087 676 1138 et
697 1090 796 1154 postea
814 1081 943 1156 populus,
966 1099 986 1137 a

17 1249 18 1252 Ἴ
69 1173 181 1233 uilium
195 1173 298 1251 plebis,
311 1173 432 1265 Manilio
445 1174 592 1243 Mancino,
607 1180 732 1251 rogatus,
761 1192 846 1255 auspi
865 1191 1014 1251 vnum„

17 1286 18 1336 t
68 1286 128 1328 carr
141 1269 311 1327 Jueua‘rna
321 1258 592 1331 sanciremus?
612 1269 759 1345 frequens
757 1268 906 1332 Marium
888 1270 981 1349 jussit.

17 1349 18 1380 ¹
70 1364 196 1443 fleamus
206 1364 301 1441 paullo
314 1374 381 1423 ante
395 1364 722 1436 Metello⁴dooravorar=
744 1384 780 1425 ea
804 1384 851 1425 res
877 1364 983 1427 frustra

17 1540 18 1594 3
105 1541 250 1614 mitt
268 1546 384 1613 -Eonnrt
407 1557 535 1631 tempore
562 1554 715 1632 Jugurtha,
730 1554 844 1611 arnissis
858 1554 981 1625 amicis3

69 1668 188 1727 quorum
198 1651 352 1726 *plerosque
366 1651 427 1726 ipse
441 1640 607 1721 accesserat,
632 1650 722 1733 ceteri
737 1649 897 1721 formidine,
917 1669 983 1727 pars

70 1747 103 1805 ad
115 1746 276 1818 Romanos,
291 1747 340 1804 alii
351 1746 387 1803 ad
403 1752 504 1823 regern
518 1745 668 1805 Bocchum
686 1744 871 1825 profugerant
886 1768 894 1818 3
916 1764 985 1805 cum·

69 1860 158 1918 neque
185 1843 292 1899 bellum
314 1842 377 1919 geri
401 1842 464 1901 sirie
479 1842 651 1933 administris
675 1836 782 1919 posset
804 1851 832 1933 et
846 1861 983 1903 novorum

69 1937 152 1997 fidem
165 1938 199 1997 in
212 1947 293 2010 tanta
303 1937 423 2013 perfidia
435 1948 563 1996 veterum
578 1939 702 2015 experiri
715 1938 908 2015 periculosum
932 1938 982 1995 du·

18 2104 22 2131 Ι
70 2045 156 2106 cerel,
171 2034 280 2091 “varim
296 2034 475 2108 incertusque
490 2031 636 2111 agitabat:
658 2053 750 2108 neque
764 2034 805 2090 illi
818 2051 875 2102 res,
889 2051 982 2108 neque
1071 2096 1074 2101 ,

70 2131 230 2199 consilium,
245 2138 292 2186 aut
305 2126 453 2204 quisquam
465 2126 612 2186 hominum
626 2129 695 2208 satis
708 2129 859 2204 placebat:
880 2125 983 2185 itinera

70 2226 293 2302 praefectosque
314 2224 344 2281 in
368 2223 584 2282 dies-mutares
602 2223 687 2281 modo
710 2223 861 2281 advorsum
875 2225 983 2295 hostes,

70 2321 211 2380 interdum
224 2321 254 2377 in
268 2319 435 2377 solitudines
449 2337 590 2395 pergere:
612 2331 701 2394 saepe
725 2319 754 2377 in
776 2319 854 2397 suga,
870 2339 904 2378 ac
918 2328 982 2398 post
1031 2334 1034 2342 ’

69 2418 165 2516 paullo
175 2421 264 2492 spem*
272 2415 302 2472 in
316 2415 403 2477 mmis
417 2415 523 2472 habere
537 2435 544 2470 z
566 2409 705 2483 dubitare,
727 2405 821 2472 virtuti
841 2398 985 2490 populari-1

69 2529 124 2583 um,
138 2511 179 2570 an
194 2510 251 2568 fide
273 2509 366 2569 minus
380 2510 527 2567 crederet:
548 2509 597 2578 ita,
619 2526 797 2582 quocumque
811 2508 984 2582 intenderat
1025 2525 1028 2532 ’

70 2627 114 2666 res
127 2609 269 2692 adversm
283 2613 375 2664 erant'.
417 2603 485 2674 Sed,
504 2616 642 2661 intereas
656 2621 761 2671 moras,
783 2612 901 2677 repente
914 2622 980 2662 sese

70 2702 205 2762 Metellus
219 2721 285 2760 cum
298 2701 426 2759 exercitu
440 2699 571 2757 ostendit.
612 2694 755 2755 Numidae
783 2696 819 2752 ab
840 2695 982 2773 iugurtha

70 2797 128 2881 'pro
141 2810 272 2876 tempore
296 2797 387 2873 parati
401 2790 602 2870 instructique.
624 2793 691 2851 dein
717 2791 888 2868 praelium
881 2793 980 2872 incipi

70 2902 120 2952 tur.
143 2892 255 2960 Quoia
268 2902 350 2968 parte
364 2910 415 2949 rer
433 2890 548 2960 ''adfuit,‘
566 2890 605 2948 ibi
625 2888 797 2966 aliquamdiu
821 2898 979 2950 certatum:

18 3022 19 3031 κ
72 2989 160 3048 ceteri
173 3007 275 3046 omnus
291 2988 369 3068 [ejus
382 2984 502 3064 milites]
519 2986 611 3065 primo
629 2991 771 3043 concursu
795 2985 869 3062 pulsi
879 2985 993 3064 fugati-v

72 3099 134 3157 quo.
178 3083 302 3142 Romani
316 3085 461 3171 signorum
475 3091 505 3140 et
518 3099 661 3140 armonian
685 3081 828 3156 aliquanto
851 3099 983 3154 numero,

72 3175 192 3238 hostiurn
206 3184 363 3256 paucoium
374 3179 477 3256 potiti:
498 3197 566 3237 nam
580 3177 670 3236 ferma
685 3176 828 3236 Numidas
847 3177 877 3237 in
890 3177 983 3238 omni.

18 3256 22 3287 ²
71 3270 123 3335 bus
136 3275 253 3350 praeliis
267 3276 356 3352 pedes
369 3275 462 3354 magis
484 3293 570 3352 quam
583 3292 664 3332 arma
676 3274 746 3337 ⁸tute
758 3283 833 3336 sunt.

110 3365 229 3429 LXXV.
244 3370 294 3430 Ea
308 3371 377 3450 fuga
389 3371 409 3430 J
410 3371 531 3449 ugurtha
541 3367 710 3448 'impensius
725 3369 809 3428 modo
818 3369 908 3429 'mbas
920 3366 982 3424 suis

73 3461 213 3540 diffidens,
232 3485 298 3526 eum
311 3467 439 3544 prfugis
460 3476 489 3524 et
502 3479 582 3542 parte
598 3466 739 3540 equitatus
762 3465 792 3522 in
806 3461 979 3532 solitudines,

73 3557 299 3623 tsin1'rhatam
312 3554 448 3641 persenit,
462 3561 493 3618 in
506 3559 788 3694 oppidum'magnurn
809 3567 838 3648 et
864 3555 979 3644 opulan-
