2259 4050
84 345 108 406 0
226 347 721 410 ·!annusr110ar1nms.

88 517 250 579 provenere
264 504 305 563 ibi
327 503 509 578 'scriptorum
524 523 635 582 magna
646 505 776 583 ingenia,
798 520 852 581 per
871 514 1017 568 terrarum

83 599 188 656 orbem
202 597 424 656 Atheniensium
438 598 516 656 facta
530 616 583 674 pro
596 601 740 658 maxumis
752 600 947 659 celebrantur.
968 599 1016 660 Ita

86 709 187 750 eorum
200 693 248 765 qui
268 691 371 750 fecere
394 693 484 749 virtus
503 702 585 751 tanta
606 695 739 763 habetur,
761 703 899 768 quantum
917 695 1017 753 verbio

85 783 164 844 'eam
185 795 305 861 potuero
327 787 466 844 extollere
487 788 645 861 praeclara-
663 788 803 864 ingenia.=
842 789 882 845 At
908 789 1017 862 populo

84 877 220 938 Romano
239 898 386 954 nunquam
407 879 456 938 ³ea
478 881 564 956 copia
586 881 658 940 suita
679 882 748 957 quia
765 880 1017 957 ⁴prudentissimus

86 972 207 1049 quisque
229 974 396 1050 negotiosus
411 986 642 1045 maxumeerat3
664 975 824 1052 ⁵ingenium
841 993 928 1032 nemo
949 975 1016 1034 sine
1036 964 1051 974 ⁵

88 1083 209 1143 corpore
225 1069 382 1130 exercebat
398 1091 405 1140 ;
428 1069 572 1144 uoptumus
586 1070 707 1145 quisque
716 1070 827 1137 facere,
836 1087 925 1142 mam
934 1068 1018 1144 dice.

87 1177 119 1216 re
132 1181 140 1230 ;
155 1151 215 1220 ¹sua
230 1165 266 1220 ab
282 1164 351 1220 aliis
372 1164 539 1222 ⁷benelactu
553 1163 675 1234 laudari,
697 1182 785 1240 quam
806 1163 870 1239 ipse
892 1163 1020 1222 aliorum

86 1272 216 1325 narrare,
228 1258 366 1316 malebat.

126 1347 179 1406 lx.
196 1348 317 1408 ⁸Iornnn
331 1350 407 1408 dorni
422 1349 599 1426 militiasque
614 1352 683 1410 boni
702 1370 799 1410 mores
820 1352 991 1409 colebantur
1007 1373 1018 1420 ς

87 1443 245 1502 concordia
255 1464 402 1515 maxume,
411 1445 540 1502 minuma
549 1445 673 1504 avaritia
681 1455 762 1521 erat3
783 1446 840 1520 ⁹jus
851 1446 1019 1519 bonumque

88 1538 163 1612 apud
178 1558 240 1609 eos,
255 1558 312 1598 non
327 1539 441 1616 legibus
452 1540 546 1616 magis
560 1559 647 1614 quam
655 1549 769 1609 natura,
777 1531 906 1598 valebat.
928 1538 1016 1596 ¹⁰Jur·

87 1631 146 1708 gia,
161 1633 331 1703 discordias,
346 1635 516 1703 simultates,
533 1653 600 1692 cum
614 1635 746 1692 hostibus
756 1634 953 1692 exercebant:
974 1633 1018 1690 ci·

88 1741 141 1784 ves
155 1745 221 1786 cum
236 1727 348 1784 civibus
363 1728 399 1784 de
413 1728 517 1786 virtute
530 1730 705 1786 certabant:
726 1729 756 1786 in
770 1726 1018 1803 ¹¹suppliciisdeo.

88 1837 151 1878 rum
163 1821 322 1897 magnifici,
337 1821 414 1880 domi
429 1823 521 1896 parci,
536 1822 587 1878 ¹²in
597 1822 701 1880 amicis
710 1822 812 1879 fideles
821 1831 914 1879 erant.
937 1820 1010 1882 Dua

88 1914 142 1972 bus
156 1915 202 1972 his
216 1916 335 1986 artibus,
348 1915 472 1974 audacia
483 1916 512 1973 in
527 1917 615 1985 bello,
638 1915 708 1973 ¹³ubi
732 1935 789 1990 pax
806 1924 955 1984 evenerat,
967 1933 1006 1974 ae

90 2009 208 2085 quitato,
239 2010 348 2088 ¹⁴seque
380 2030 498 2086 remque
522 2011 669 2087 publicam
691 2012 844 2069 curabant.
886 2010 1011 2077 Quarun

90 2120 186 2165 rerum
200 2126 257 2182 ego
271 2126 407 2165 maxuma
422 2106 597 2166 documenta
606 2107 682 2164 haec
696 2104 812 2176 habeo;
843 2104 938 2179 ¹⁵quod
951 2122 1007 2163 sao

90 2198 153 2274 pius
167 2200 343 2257 vindicatum
355 2211 400 2257 est
413 2201 443 2257 in
458 2220 519 2269 coe,
529 2202 577 2275 qui
590 2211 693 2257 contra
704 2200 856 2275 imperium
865 2200 895 2255 in
904 2199 1024 2260 honen.

89 2303 298 2371 pugnaverunt,-
312 2295 416 2369 quique
431 2295 550 2365 tardius,
565 2295 704 2363 revocati,
714 2303 716 2305 ’
727 2294 804 2349 bello
818 2303 1021 2365 excesserant,

89 2407 176 2463 quam
197 2389 245 2463 qui
268 2372 353 2465 signa
374 2389 550 2463 relinquere,
571 2397 629 2458 aut,
648 2387 733 2463 pulsi,
753 2376 819 2443 loco
833 2386 941 2450 cedere
953 2389 1037 2472 ausi

89 2484 193 2554 eraut3
214 2485 245 2542 in
256 2502 331 2560 pace
341 2502 421 2553 vero,
436 2483 510 2560 quod
525 2483 687 2551 beneficiis,
702 2482 810 2557 ¹‘quam
822 2490 911 2552 metu,
925 2481 1020 2557 impe.

90 2578 163 2637 rium
177 2578 355 2656 ,flagitabant
366 2588 404 2649 et,
414 2580 538 2655 accepta
551 2578 668 2653 injuria,
678 2578 844 2653 ignoscere,
857 2595 944 2651 quam
951 2594 1020 2651 per·

90 2674 180 2750 sequi,
195 2676 353 2733 malebant.

130 2769 167 2829 X.
183 2770 257 2838 Suu,
268 2770 317 2825 ubi
331 2769 433 2824 labore
449 2777 533 2841 atque
544 2766 658 2841 justitia
665 2766 831 2841 respublica
842 2765 942 2835 crevit,
952 2763 1021 2824 1⁸1¹4³-

90 2883 143 2942 ges
152 2862 252 2940 magui
261 2863 340 2919 bello
348 2860 457 2933 domiti,
466 2861 599 2919 nationes
608 2861 699 2931 ferae,
709 2871 739 2918 st
755 2861 875 2937 ¹⁰populi
884 2861 1022 2937 ingentes

83 2960 118 3025 ,vi
132 2958 255 3029 subacti,
273 2956 459 3032 ”Carthagu
474 2957 591 3013 aemula
603 2956 718 3031 imperii
728 2956 863 3024 Romani,
877 2957 914 3011 ab
928 2954 1022 3031 stirpe

93 3053 211 3121 interiit,
226 3061 332 3109 cuncta
346 3052 442 3109 maria
454 3060 609 3126 terraeque
619 3052 774 3125 patebant3
796 3050 909 3107 saevire
918 3048 1023 3108 Fortu.

91 3166 144 3216 na,
155 3164 191 3205 ac
205 3144 330 3203 miscere
345 3146 452 3225 omnia,
467 3144 575 3221 coepit.
611 3145 670 3211 Qui
683 3146 810 3213 labores,
819 3144 960 3219 pericula,
968 3144 1022 3201 du.

91 3242 157 3301 bias
171 3248 257 3316 atque
272 3259 394 3317 asperas
407 3259 456 3298 res
467 3239 555 3297 focile
571 3240 777 3307 toleraverant,
790 3238 826 3295 iis
840 3236 939 3308 otium,
948 3238 1022 3298 divi·

92 3336 151 3397 liae
165 3335 331 3413 ²¹optandus
346 3335 421 3405 aliis,
436 3334 517 3393 oneri
531 3333 725 3408 miseriaeque
736 3333 828 3391 fuere.
857 3331 950 3415 Igitur
962 3334 1021 3411 pri.

93 3450 140 3493 ruo
163 3429 317 3509 pecuniae,
339 3429 445 3493 deinde
466 3428 583 3506 imperii
605 3428 709 3505 cupido
728 3427 840 3487 orevitz
869 3428 928 3487 ²'taos
950 3445 1022 3503 qua-
