2259 4050
343 298 509 357 Sannum·
525 298 703 379 Jusuarnn.
727 370 731 377 ἱ
926 295 981 363 121

61 446 665 523 onsmulto'smntmdvorsosacermme
677 455 845 531 pugnantis,
853 458 889 513 ab
898 464 982 536 tergo
1037 536 1041 541 ἱ

60 548 283 606 circumveniret
304 566 399 623 neque
422 550 522 618 virtus,
549 568 645 623 neque
670 568 751 605 arma
772 550 843 605 satis
867 559 980 627 tegere,

19 649 20 652 ’
58 642 134 718 quod
144 644 241 699 hostes
255 660 376 699 numero
389 643 486 717 plures
499 652 529 699 et
541 643 667 716 undique
683 635 873 700 circumfusi:
896 640 976 701 deni.

59 736 114 811 que
128 735 248 792 Romani
262 746 386 804 veteres,
401 736 546 810 novique,·
556 736 596 792 ¹et
609 738 646 793 ob
658 756 695 793 ea
709 738 837 794 scientes
848 738 926 807 belli,
952 738 976 794 si

58 848 128 904 quos
140 830 229 897 locus,
254 838 303 885 aut
326 848 413 885 casus
435 830 634 905 conjunxerat,
645 832 731 887 orbes
745 830 844 889 facere
861 850 869 901 3
892 840 978 905 atque

58 924 99 980 ita
118 924 153 978 ab
173 923 304 978 omnibus
326 916 454 997 partibus
478 924 563 980 simul
577 924 646 981 tecti
662 935 690 981 et
704 924 833 981 instructi
848 926 972 982 hostium

60 1018 116 1073 vim
130 1017 337 1073 sustentabant.
437 1062 442 1072 ,

96 1108 234 1168 XCVIlI.
250 1109 363 1171 Nncun
376 1111 407 1166 in
421 1130 457 1167 eo
470 1119 530 1167 tam
544 1129 648 1186 aspero
662 1111 779 1187 negotio
790 1112 906 1167 territus
916 1112 979 1169 Ma.
1015 1094 1027 1103 ⁸
1052 1106 1067 1115 ’

60 1207 187 1274 rius,aut
199 1204 303 1279 magis,
317 1223 403 1278 quam
419 1215 505 1261 antea
515 1203 641 1261 demisso
656 1203 832 1261 animofuit:
854 1206 979 1262 scdcum
1060 1260 1071 1273 ,

57 1310 148 1356 turma
157 1317 219 1368 sus,
233 1317 320 1372 quam
334 1316 371 1354 ex
381 1298 553 1355 fortissumis
564 1300 666 1375 magis,
681 1318 767 1373 quam
778 1298 978 1356 familiarissu-

59 1394 120 1462 mis,
134 1402 295 1467 paraverat‚
310 1393 410 1468 vagari
425 1393 547 1466 passim:
571 1412 606 1449 ac
618 1394 702 1450 modo
712 1394 907 1449 laborantibus
918 1390 978 1451 suis

57 1493 234 1554 succurrere,
248 1484 334 1542 modo
347 1487 447 1554 bostis,
461 1487 510 1542 ubi
521 1486 733 1543 confertissumi
745 1487 922 1554 obstiterant,
933 1486 975 1542 in.

56 1582 175 1637 vadere:
196 1580 292 1637 ²mrmu
317 1581 468 1637 consulere
492 1581 637 1649 militibus,
666 1580 800 1653 quoniam
820 1579 974 1652 imperare,

55 1675 228 1731 conturbatis
241 1675 381 1743 omnibus,
396 1694 453 1730 non
467 1684 588 1748 poterat.
626 1674 750 1747 Jamque
766 1672 827 1729 dies
843 1692 975 1729 consum.

54 1780 98 1826 tus
120 1778 190 1839 erat,
218 1786 285 1824 cum
304 1776 401 1825 tamen
421 1769 537 1825 barbari
561 1768 631 1824 nihil
645 1768 802 1836 remittere,
826 1776 921 1842 atque,
936 1766 976 1824 uti

54 1882 139 1940 reges
149 1871 367 1937 praeceperant,
382 1862 508 1920 ²noctem
522 1883 574 1938 pro
588 1882 620 1920 se
642 1863 706 1931 rati,
735 1863 830 1919 acrius
853 1864 972 1919 instare.

55 1958 129 2015 Tum
143 1956 309 2013 Marius⁴ex
324 1957 408 2032 copia
423 1976 519 2014 rerum
534 1958 686 2014 consilium
699 1957 796 2026 trabit,
812 1966 907 2031 atque,
933 1957 976 2014 uti

55 2053 112 2109 suis
125 2051 257 2126 receptui
270 2053 353 2109 locus
367 2061 455 2120 esset,
478 2053 561 2110 collis
575 2053 646 2108 duos
663 2052 837 2126 propinquos
852 2051 927 2132 inter
942 2069 974 2109 se

54 2155 191 2223 occupat:
213 2156 331 2219 quorum
341 2147 370 2202 in
381 2165 449 2215 uno,
461 2147 564 2202 castris
575 2165 676 2220 parum
688 2145 794 2219 amplo,
806 2143 870 2202 fons
882 2163 975 2226 aquae

53 2258 174 2317 magnus
188 2250 269 2310 erat3
291 2242 366 2298 alter
378 2241 441 2297 usui
455 2250 640 2315 opportunus,
668 2241 746 2315 quia,
773 2259 880 2318 magna
894 2247 975 2315 parte

52 2335 145 2392 editus
159 2344 189 2391 et
205 2353 355 2410 praeceps,
366 2335 472 2410 ⁵pauco
486 2330 664 2392 munimento
679 2337 794 2412 egebat.
838 2335 976 2392 Ceterum

53 2429 125 2502 apurl
139 2447 245 2503 aquam
264 2430 374 2486 Sullam
388 2449 454 2486 cum
473 2429 615 2504 equitibus
629 2440 744 2486 noctem
758 2429 869 2506 agitare
881 2430 974 2504 jubet.

53 2520 116 2596 lpse
131 2523 281 2598 paullatim
295 2522 441 2598 dispersos
463 2523 580 2592 milites,
605 2541 698 2596 nequo
723 2523 817 2579 minus
846 2522 976 2580 hostibus

53 2617 237 2686 conturbatis,
251 2617 282 2674 in
295 2621 383 2676 unum
397 2616 558 2676 contrahit:
580 2617 647 2673 dein
657 2616 873 2690 cunctos'pleno
884 2616 975 2692 gradu

53 2708 79 2766 in
105 2694 215 2769 collem
241 2712 383 2770 subducit.
425 2711 470 2770 lta
492 2731 589 2788 reges,
617 2711 675 2768 loci
689 2709 855 2767 difficultate
870 2709 975 2779 coacti,

49 2805 160 2876 praelio
188 2805 388 2878 deterrentir3
420 2825 514 2882 neque
538 2815 636 2864 tamen
661 2825 728 2863 suos
752 2805 867 2882 longius
894 2805 975 2862 abire

50 2897 154 2970 sinunt,
170 2901 232 2970 sed,
254 2910 374 2976 utroque
386 2901 460 2960 colle
474 2901 655 2960 multitudine
684 2899 871 2971 circumdato,
896 2899 976 2957 effufi

50 2995 222 3053 consedere.
253 2995 331 3054 Dein
342 2996 452 3054 crebris
466 2996 580 3074 ignibus
592 2995 686 3065 factis,
700 2996 868 3070 plerumque
882 2993 976 3051 noctis

50 3084 167 3146 barbari
183 3109 235 3148 suo
249 3110 329 3149 more
354 3089 468 3160 laetari,
492 3091 649 3159 exsultare,
678 3099 808 3166 strepere
832 3090 975 3147 vocibus:

48 3177 111 3255 ‘ipsi
138 3183 232 3242 duces
257 3185 381 3255 feroces,
397 3186 464 3260 quia
487 3203 545 3242 non
570 3183 714 3261 fugerant,
743 3203 794 3260 pro
822 3183 976 3242 victoribus

48 3288 148 3349 agere.
164 3345 168 3351 .
194 3277 253 3336 Sed
267 3297 305 3336 ca
318 3289 424 3337 cuncta
435 3279 575 3336 Romanis
586 3297 623 3336 ex
632 3278 759 3336 tenebris
770 3287 799 3336 et
810 3278 976 3354 editioribus

50 3363 121 3426 locis
135 3371 237 3429 facilia
249 3373 324 3443 visu,
337 3374 511 3450 ⁷magnoque
525 3373 706 3430 hortamento
720 3383 813 3430 erant.

83 3461 194 3524 XCIX.
223 3467 391 3544 Pnunmnrs
403 3485 473 3524 vero
487 3467 599 3602 illm
613 3467 755 3541 imperitia
769 3465 893 3523 bostium
907 3481 975 3522 con·
