2259 4050
297 319 503 381 >sornam
516 318 696 383 Juoununu.
782 336 785 341 '
848 352 849 356 ¹
936 317 978 389 012

44 480 138 539 bonae
152 476 323 558 accedebat.
367 479 473 537 Statuit
486 489 585 538 tamen
600 480 747 550 Metellus,
760 494 975 556 quemquamst

43 569 228 632 ¹destivoru'm
240 582 355 649 tempus
369 575 552 633 comitiorum
565 596 648 633 mora
662 576 859 645 imminuerat,
879 586 908 635 et
924 597 974 637 ax-

44 670 222 746 spectatione
237 669 335 727 eventi
350 669 457 727 civium
481 671 595 729 animos
622 671 750 729 intentos
770 667 900 747 putabat,
915 691 973 733 nou

44 765 119 840 prius
128 765 239 823 bellum
250 764 413 841 adtingere,
427 784 523 840 quam,
536 766 681 841 majorum
692 766 856 841 disciplina,
869 767 975 824 milites

44 860 173 919 laborare
188 860 345 937 coegisset.
377 860 456 918 Nam
470 862 604 931 Albinus,
619 862 687 919 Auli
700 861 797 919 fratris
811 862 972 921 exercitus

9 993 22 1054 l
42 974 91 1029 que
117 955 204 1013 clade
232 956 394 1031 perculsus,
423 964 577 1031 postquam
601 956 774 1014 decreverat
797 977 855 1015 non
870 957 971 1035 egredi

9 1071 10 1167 p
42 1050 197 1152 provincia,
189 1050 362 1125 ,²quantum
375 1051 516 1130 temporis
535 1052 713 1109 aestivorum
727 1052 758 1108 in
772 1052 894 1157 imperio
909 1052 973 1121 fuit,

41 1146 212 1220 plerumque
221 1146 328 1203 milites
337 1146 449 1203 stativis
458 1147 564 1204 castris
578 1148 718 1204 habebat.
741 1146 797 1203 nisi
810 1166 878 1203 cum
889 1148 969 1217 odos,

42 1250 83 1298 aut
95 1242 199 1317 pabuli
213 1250 331 1318 egestas
351 1242 448 1298 locum
461 1250 575 1299 mutare
591 1244 758 1319 subegerat.
803 1242 863 1299 Sed
874 1262 970 1317 neque
1002 1268 1006 1273 ·

39 1355 112 1395 more
131 1337 251 1394 militari
264 1337 384 1414 vigiliae
398 1335 647 1396 ³deducebantur:
669 1338 711 1395 uti
726 1338 830 1413 cuique
842 1338 972 1409 lubebat,

39 1432 69 1489 ab
82 1432 180 1511 signis
195 1433 307 1490 aberat.
343 1431 448 1491 ⁴thae
458 1434 593 1510 permixti
605 1453 673 1491 cum
683 1434 820 1491 militibus
832 1433 890 1490 ⁵die
902 1453 972 1491 noc-

9 1593 10 1596 ,
38 1535 114 1602 tuque
136 1529 328 1604 vagabantur,
343 1537 374 1586 et
385 1530 519 1604 palantes
541 1548 629 1605 agros
648 1536 776 1596 vastare,
799 1527 894 1583 ⁰villas
920 1546 969 1585 ex-

9 1635 10 1654 i
38 1634 177 1701 pugnare,
186 1623 302 1698 pecoris
310 1632 339 1681 et
348 1623 559 1700 mancipiorum
569 1622 694 1699 praedas
702 1629 849 1679 certantes
859 1640 966 1699 agere;

10 1776 13 1788 ,
38 1737 122 1794 eaque
151 1727 264 1775 mutare
287 1737 353 1776 cum
368 1719 579 1776 mercatoribus
593 1718 665 1776 ‘vino
679 1716 847 1795 advectitio,
861 1726 890 1773 et
904 1718 972 1777 aliis

10 1815 157 1900 ''talibusz
180 1823 344 1889 praeterea,
367 1812 545 1872 frumentum
566 1814 683 1890 publice
707 1813 806 1871 datum
830 1814 968 1883 vendere,

13 1965 18 1992 ¹
38 1907 149 1986 'panem
164 1910 195 1967 in
210 1910 274 1967 dies
289 1910 434 1970 mercari:
457 1920 603 1986 postremo
617 1927 817 1985 quaecumque
844 1909 902 1966 dici
919 1918 968 1965 aut

8 2062 10 2066 Α
41 2006 103 2086 llugi
115 2015 230 2084 queunt
242 2006 379 2084 ignaviae
395 2006 586 2082 luxuriaeque
601 2006 716 2084 probra,
727 2004 756 2062 iu
771 2004 821 2061 illo
836 2005 967 2061 exercitu

41 2116 138 2170 cuncta
149 2105 246 2183 fuere²
261 2113 290 2166 et
305 2105 365 2168 alia
375 2105 511 2188 emplius«
904 2165 906 2170 .

73 2207 168 2266 XLV.
182 2207 246 2265 Sco
259 2206 290 2264 in
301 2225 338 2263 ea
347 2205 516 2263 difficultate
528 2206 681 2266 Metellum
691 2226 750 2264 non
761 2205 865 2276 minus,
881 2227 968 2286 quam

13 2346 17 2361 .
41 2301 64 2358 iu
83 2306 173 2364 rebus
197 2303 358 2371 hostilibus,
380 2319 520 2378 magnum
542 2310 572 2358 at
587 2303 749 2378 sapientem
765 2303 856 2360 virum
877 2302 968 2362 fuisse

12 2399 218 2475 comperior3
240 2398 331 2455 ⁸tauta
344 2397 540 2472 temperantia
553 2397 629 2470 iuter
643 2399 830 2456 ambitionem
853 2400 968 2456 saeviti-

12 2496 19 2555 ζ
13 2511 136 2582 amque
151 2492 348 2550 moderatum.
391 2492 538 2565 ”Namque
551 2491 648 2548 edicto
663 2493 786 2566 primum
801 2492 968 2566 adjumenta
992 2518 995 2524 ¹

42 2586 170 2664 ignaviae
180 2578 345 2658 sustulisse,
369 2594 388 2622 “
399 2607 437 2645 ne
452 2586 604 2661 quisquam
624 2585 654 2642 in
669 2586 772 2643 castris
787 2605 902 2660 panem,
918 2597 967 2642 aut

13 2714 21 2793 p
28 2700 117 2756 quem
128 2685 220 2742 alium
235 2692 351 2742 coctum
366 2684 464 2742 cibum
477 2680 642 2750 venderet;
667 2699 704 2736 ne
716 2679 793 2736 lixae
806 2679 965 2746 exercitum
1031 2677 1041 2692 ‘

12 2770 243 2854 l;sequerentur
266 2798 303 2835 ne
318 2779 403 2836 m'iles
415 2777 571 2855 gregarius
585 2775 615 2834 in
633 2774 747 2845 castris,
762 2793 836 2834 neve
851 2773 880 2831 in
895 2773 975 2858 mag,

12 2820 17 2915 l
41 2875 109 2932 mine
120 2895 240 2934 servum
254 2883 303 2931 aut
321 2875 486 2949 jumentum
499 2871 665 2929 haberet”
637 2893 644 2929 :
687 2870 793 2928 ceteris
808 2870 891 2928 ¹¹arte
906 2891 966 2930 mo-

42 2963 100 3028 dum
113 2971 268 3028 statuisse:
290 2978 446 3046 praeterea
459 2966 654 3025 ¹²transvorsis
667 2967 818 3024 itineribus
837 2966 965 3040 quotidie

11 3032 21 3149 l
42 3065 134 3124 traua
142 3081 261 3124 movere
274 3086 282 3136 3
301 3066 394 3140 juxta,
418 3083 453 3120 ac
468 3063 493 3120 si
507 3064 607 3121 hostes
621 3061 767 3131 adessent,
781 3061 859 3140 vallo
874 3069 962 3138 atque
1067 3089 1079 3116 ,κ

10 3175 19 3287 p
40 3155 111 3219 fossa
124 3161 248 3231 munire,
263 3161 378 3238 vigilias
393 3159 513 3216 crebras
526 3175 647 3235 ponere,
662 3167 691 3214 et
705 3156 768 3232 ipse
780 3175 847 3213 cum
858 3157 964 3235 legatis

40 3249 229 3314 ¹‘'circumire:
250 3258 321 3316 item
334 3256 365 3312 iu
379 3254 497 3332 agmine
511 3252 651 3328 inprimis
660 3252 755 3322 modo,
764 3251 850 3310 modo
860 3253 891 3310 in
900 3271 964 3329 pos·

40 3351 143 3419 tremis,
157 3371 247 3427 saepe
262 3352 293 3414 iu
306 3351 402 3408 medio
416 3349 532 3418 adesse,
545 3367 584 3406 ne
598 3348 751 3424 quisquam
765 3347 866 3405 ordine
880 3364 963 3423 egre·

39 3439 159 3515 deretur,
172 3446 214 3508 uti
225 3465 293 3510 cuin
302 3445 395 3524 siguis
404 3444 573 3518 frequentes
582 3442 762 3510 incederent,
771 3442 856 3500 miles
867 3441 963 3496 cibum

40 3545 62 3593 tt
75 3557 158 3598 arma
171 3551 309 3617 portaret:
351 3540 397 3603 lta
410 3526 590 3614 prohibendo
604 3556 623 3593 a
632 3535 747 3593 delictis
761 3533 866 3612 magis,
876 3549 965 3610 quam

40 3632 218 3708 vindicando,
233 3636 395 3702 exercitius
407 3633 489 3696 brevi
504 3629 719 3691 ¹⁴confirmavit.
789 3623 791 3628 ’

11 3760 21 4013 l
