2259 4050
611 264 634 314 Χ
683 306 688 312 .

155 432 286 516 curavi,
312 456 371 521 ne,
390 432 421 503 si
448 433 704 527 discipulorum
730 433 845 504 oculis
874 433 966 503 inter
982 453 1079 525 prae·

153 557 346 629 lectionem
359 558 629 652 subjicerentur,
643 558 721 653 plus
739 557 961 630 incommodi
974 576 1078 649 quam
1116 604 1117 613 η

154 683 315 754 utilitatis
342 685 519 756 afferrent.
570 684 783 770 Historiam,
799 682 1078 778 Geographiam

152 803 451 895 Grammaticam,
470 803 639 906 quicquid
657 823 713 881 est
730 834 802 903 quo
819 811 1000 881 studiosus
1024 789 1078 917 oa-

58 991 63 998 .
152 960 230 1007 rere
249 962 319 1007 non
339 941 481 1024 debeat,
501 941 599 1010 hand
623 964 736 1033 parca
753 963 861 1010 manu
879 935 1078 1032 suppedita-

153 1065 201 1148 vi;
229 1066 487 1138 minime-enim
500 1092 542 1137 ex
556 1067 623 1137 illis
641 1092 699 1136 me
717 1090 827 1140 unum
844 1090 925 1136 esse
942 1064 1079 1160 profite·
1106 1046 1119 1083 '³

153 1209 204 1274 or,
213 1192 340 1282 quibus
353 1193 466 1261 visum
484 1205 539 1262 est
555 1193 592 1262 in
608 1192 912 1285 praelectionibus
928 1204 965 1262 et
982 1190 1017 1260 in
1030 1188 1079 1282 ju·

153 1314 299 1383 renibus
320 1315 521 1384 erudiendis
540 1316 651 1385 altum
677 1317 722 1386 de
749 1315 804 1384 his
829 1307 937 1387 rebus
962 1329 1079 1387 tenere
1119 1286 1120 1355 l

153 1441 342 1514 silentium.
392 1441 599 1514 Istiusmodi
613 1444 759 1536 quidem
772 1444 955 1529 doctores,
969 1441 1080 1530 verbis
1120 1522 1121 1553 1

152 1571 304 1654 sonoris
330 1595 368 1640 so
407 1584 543 1639 urentem
573 1569 737 1639 excolere
767 1549 878 1652 iniunt,
906 1583 1081 1661 notasque
1120 1560 1121 1629 l

153 1696 361 1788 exegeticas
392 1696 438 1764 ad
467 1695 601 1764 nullam
629 1719 707 1764 rem
735 1697 840 1766 utiles
870 1697 1080 1768 existimant.

150 1821 319 1891 Judieont
338 1821 496 1890 veritatis
510 1820 669 1890 fautores
687 1822 1000 1916 castigatoresque
1013 1834 1081 1892 tur·
1121 1760 1123 1905 l

151 1948 320 2042 pissim‘ae
334 1948 571 2041 ignorantiae.
622 1947 707 2018 Mos
720 1971 863 2041 quoque
878 1949 975 2041 apud
993 1948 1079 2019 alios

150 2086 353 2145 nostratum
382 2074 531 2158 obtinet,
548 2074 680 2144 notulis
699 2074 797 2158 solis,
820 2078 1002 2171 (quamvis
1020 2076 1080 2144 im·
1122 2053 1123 2144 l

150 2211 329 2270 merentes
344 2200 413 2268 sint
423 2222 551 2290 parum
562 2200 699 2294 refert,)
716 2199 861 2268 laudem
879 2200 1079 2303 ethonores

150 2326 373 2396 abundanter
396 2325 635 2418 impertiendi,
653 2326 738 2394 dum
760 2328 1022 2399 scommatibus
1047 2342 1080 2399 et

149 2451 376 2533 contumeliis
402 2450 665 2521 commentaria
693 2448 861 2521 uberiora
882 2452 1078 2526 dilacerare

147 2578 313 2650 nituntur.
365 2575 675 2671 Sapientissimum
705 2601 793 2645 sane
811 2579 988 2651 acuminis
1015 2582 1079 2651 cri·

105 2761 108 2769 .
147 2706 211 2775 tici
224 2701 504 2773 documentum!
533 2700 762 2771 Felicissime
779 2705 913 2795 patria!
933 2707 993 2776 cui
1009 2729 1079 2777 non

146 2829 341 2901 verendum
358 2827 415 2910 sit,
433 2827 463 2899 si
479 2826 730 2921 hujuscemodi
747 2828 921 2903 valuerint
937 2845 1079 2905 senten·

145 2956 230 3047 tiae,
248 2980 293 3025 ne
312 2955 498 3026 doctrinae
516 2968 537 3002 “
547 2952 689 3048 pomis⁹⁹
705 2955 863 3029 nimium
907 3044 911 3049 ,

221 3181 973 3253 monerem,

147 3356 152 3371 ι
222 3272 413 3349 Provenruque
426 3283 517 3333 meret
528 3274 631 3344 adcor,
644 3284 726 3351 niqtoe
739 3268 964 3337 mueronem!
979 3274 998 3303 ”
