2259 4050
328 271 489 349 Smnsrn
510 243 688 350 susam.
927 278 968 335 5¹¹1

52 427 235 506 potissumum
248 426 349 504 stirpis
358 435 426 485 tuas
444 426 588 485 extinctor
598 404 887 532 sitisNunquemne
896 449 968 514 ergo
1055 419 1086 454 ”’

11 591 14 606 μ
51 522 154 582 familis
167 531 267 580 nostra
280 521 462 597 quietaeritt
489 540 644 597 semperne
668 523 865 601 insanguine,
880 525 968 595 ferro,

52 615 115 698 suga
133 617 331 676 versabimur?
351 615 430 674 Dum
445 614 706 693 Carthaginienses
719 618 892 677 'incolumes
906 618 968 678 sue·

51 729 87 782 re,
100 711 173 787 'jure
188 711 288 769 omnia
300 729 390 769 saeva
402 701 603 785 patiebamur:
624 713 724 770 hostes
749 714 787 770 ab
801 714 902 784 latere,
917 732 970 772 vos

52 806 128 864 amici
143 806 255 882 procul,
277 823 346 880 spes
359 805 453 864 omnis
479 805 510 862 in
531 807 621 862 armis
633 812 735 876 eran(
749 807 905 882 Postquam
918 809 970 867 illa

50 895 140 975 ‘pestis
154 900 263 976 ejecta,
272 899 341 958 lacti
352 918 457 976 pacem
468 880 666 978 agitabamus}
688 902 794 979 quippe
804 904 869 979 quis
876 904 969 962 hostis

10 981 12 1080 Ι
49 995 143 1066 nullus,
158 994 579 1069 nisifortsquemjussissetis.
608 995 691 1053 Ecce
704 998 968 1074 autemeximpro-
1017 1053 1026 1068 ,

10 1087 11 1144 t
49 1087 110 1158 viso,
119 1090 278 1166 Jugurtna,
289 1089 472 1148 intoleranda
486 1089 621 1159 audacia,
635 1089 751 1148 scelere
767 1100 853 1165 atqne
868 1111 968 1169 super·
1063 1159 1070 1168 ,

34 1183 89 1242 'bin
113 1184 193 1242 ⁵sese
214 1183 360 1254 ecferens,
385 1184 473 1242 fratre
489 1202 566 1254 meo,
589 1193 676 1258 atque
690 1185 795 1242 eodem
808 1187 968 1261 propinquo

9 1303 10 1308 ¹
25 1327 30 1334 .
48 1295 91 1336 suo
110 1279 278 1348 interfecto,
293 1278 416 1354 primum
430 1296 552 1356 regnum
567 1279 633 1354 ejus
640 1278 763 1337 sceleris
773 1280 818 1337 sui
829 1281 968 1356 praedam
1031 1352 1035 1356 λ

47 1371 121 1456 fecit:
149 1382 225 1450 post,
239 1374 288 1430 ubi
302 1392 349 1432 me
364 1373 457 1434 isdem
471 1373 545 1432 dolis
557 1374 657 1448 nequit
670 1392 789 1450 capere,
811 1376 894 1433 “nihil
916 1376 969 1434 mi·

46 1486 99 1540 nus,
112 1488 206 1547 qnam
216 1468 286 1538 vim,
297 1476 346 1527 aut
360 1469 469 1526 bellum
482 1477 713 1545 exspectantem,
723 1469 764 1526 'in
774 1470 896 1544 imperio
904 1489 969 1527 ves·

9 1569 10 1574 ’
45 1572 89 1634 tro,
102 1564 195 1623 sicuti
209 1563 323 1633 vidctis,
337 1562 495 1622 'extorrem
509 1563 613 1638 patria,
636 1563 733 1632 domo,
746 1563 863 1638 inopem
877 1573 906 1620 et
920 1582 968 1622 co-

9 1707 10 1710 ,
45 1670 171 1733 opertum
196 1658 323 1717 miseriis
351 1657 461 1728 effecit,
488 1666 519 1715 ut
530 1657 625 1714 ubivis
637 1657 735 1726 tutius,
756 1675 844 1732 quam
857 1658 888 1717 in
902 1677 969 1717 meo

45 1772 124 1831 regno
146 1773 257 1813 essem.
280 1753 347 1830 Ego
361 1753 406 1810 sic
417 1748 640 1822 existumaban,
650 1751 753 1810 Patres
761 1755 928 1830 conscripti,
937 1752 969 1812 ut

9 1827 10 1846 Χ
45 1852 260 1927 praedicantem
293 1847 461 1906 audiveram
496 1856 610 1923 patrem
631 1866 744 1906 meum:
766 1847 814 1923 qui
840 1859 969 1908 vestram

44 1942 209 2004 ⁹amicitiam
223 1940 425 2013 colerent,‘eos
441 1944 562 2000 multum
576 1943 708 2000 laborem
722 1943 872 2018 suscipere
889 1966 897 2014 ;
920 1963 968 2002 ce·
1042 1981 1051 1985 -

43 2048 127 2115 terum
137 2060 182 2099 ex
195 2040 328 2100 omnibus
342 2058 477 2097 maxume
492 2047 570 2106 tutos
587 2057 665 2096 esse.
696 2038 803 2103 ¹⁰Quod
814 2039 844 2096 in
859 2039 971 2096 fanrilia

45 2147 132 2195 nostra
152 2136 216 2205 suit,
228 2134 379 2211 praestitit,
390 2134 431 2191 uti
443 2133 473 2189 in
484 2134 618 2190 omnibus
628 2132 714 2189 bellis
722 2132 805 2191 vobis
815 2126 968 2205 adessent3

44 2248 88 2287 nos
101 2233 140 2291 nti
160 2230 313 2309 parotium
336 2228 389 2286 tuti
400 2228 504 2298 simus,'
528 2228 558 2284 in
572 2219 660 2285 manu
675 2237 772 2285 vestra
786 2238 839 2298 est,
867 2230 970 2286 Patres

48 2326 207 2403 conscripti.
231 2326 318 2381 Pater
330 2342 385 2381 ncs
406 2322 478 2380 duos
492 2322 597 2380 fratres
611 2323 748 2398 reliquit3
771 2324 898 2394 tertium,
917 2324 969 2381 Ju-

48 2419 345 2495 gnrtham,beneficiis
353 2418 414 2475 suis
422 2427 501 2476 ratus
512 2418 596 2475 nobis
605 2418 878 2493 conjunctumso'rs:
895 2420 970 2476 alter
982 2404 986 2409 ¹

8 2524 15 2599 ι
49 2531 138 2575 eorum
149 2525 284 2585 necatus,
293 2513 433 2571 llalterius
442 2512 504 2588 ipse
512 2513 790 2587 egnmanusimpias
803 2514 850 2591 vin
865 2513 967 2589 effugi.

49 2607 115 2674 Quid
124 2610 238 2689 agam?
258 2629 316 2684 quo
327 2608 515 2684 potissumum
526 2605 800 2663 infelix-accedam?
820 2605 971 2663 ¹2Generis

50 2706 186 2775 praesidia
200 2705 297 2763 omnia
310 2704 440 2761 extincta
453 2711 539 2760 sunt:
561 2709 653 2777 pater,
681 2699 721 2757 nti
749 2718 873 2759 necesse
895 2710 969 2770 erat,
998 2702 1002 2707 '

48 2796 182 2859 'maturae
194 2800 357 2858 concessit:
378 2797 470 2867 fratri,
481 2798 589 2872 ¹⁴quem
598 2796 726 2854 minume
732 2795 841 2867 decuit,
856 2798 969 2874 propin.

49 2910 122 2965 quus,
131 2914 186 2971 per
205 2896 303 2953 scelus
326 2894 417 2952 vitam
431 2892 557 2968 eripuit:
580 2892 703 2961 adfines,
719 2892 841 2963 amicos,
857 2894 970 2970 propin.

47 3004 111 3061 qnos
124 3001 251 3060 ceteros,
263 2990 353 3047 alium
366 2988 425 3045 alia
439 2987 539 3045 clades
553 2987 699 3063 oppressit
715 3007 723 3044 ε
745 2988 845 3063 ¹⁵capti
868 2990 905 3045 ab
918 2989 971 3046 Jn.

8 3082 13 3147 i
49 3085 158 3157 martha,
170 3104 241 3161 pars
254 3083 285 3141 in
296 3101 416 3141 crucem
430 3083 499 3152 enti,
522 3100 592 3157 pars
605 3081 706 3139 bestiis
719 3082 827 3157 objecti
843 3104 851 3153 3
873 3085 971 3160 pauci,

8 3208 9 3211 η
47 3174 145 3248 quibus
159 3181 265 3237 relicta
279 3180 385 3248 anima,
403 3179 496 3236 clsusi
519 3178 549 3235 in
562 3177 702 3247 tenebris,
716 3195 783 3234 cum
797 3197 931 3237 moerore
942 3190 972 3237 et

48 3267 131 3343 luctu,
146 3284 239 3333 morte
254 3275 422 3352 graviorem
443 3274 533 3354 pitam
556 3272 687 3351 exigunt.
730 3273 762 3330 Si
775 3274 883 3343 omnia,
897 3292 972 3349 quee

46 3376 89 3425 out
102 3370 202 3440 amisi,
220 3379 270 3427 aut
286 3388 323 3427 ex
337 3368 535 3427 ¹⁶necessariis
550 3368 675 3426 advorsa
686 3367 851 3439 factasunt,
863 3368 972 3425 incoln-

47 3460 100 3521 utie
113 3474 280 3535 manerent,
294 3473 402 3536 tamen,
430 3465 455 3522 si
469 3464 536 3539 quid
551 3482 589 3521 ex
616 3462 793 3539 'improviso
806 3460 973 3531 accidisset,
