2259 4050
322 415 327 423 .
352 330 515 389 Sannusrn
534 329 713 392 luccam.
740 338 742 342 '
884 339 886 343 ’
957 338 997 396 ’lb

76 488 206 539 bunost:
228 482 280 540 sed
293 482 357 558 ipse
371 484 578 560 deprehensus,
593 488 690 545 multis
704 489 892 559 hortantibus,
907 500 936 549 et
945 492 996 550 im·

76 576 173 651 primis
197 577 309 633 Albino.
324 581 455 648 consule,
480 581 627 637 *indicium
654 583 812 657 profitetur.
855 584 912 641 'Fit
932 604 997 641 reus

74 671 168 746 magis
177 688 214 727 ex
225 662 467 746 aequoibonoque,
476 692 563 747 quam
575 694 612 731 ex
616 676 683 750 jure
693 678 831 752 gentium,
842 667 998 747 Bomilcar,

76 781 175 821 comes
189 764 253 851 ejus
267 766 315 839 qui
330 766 453 823 Romam
462 768 524 825 fide
543 770 660 843 publica
672 780 802 827 venerat.
844 772 884 828 At
893 772 998 847 Jugur·

75 858 132 927 tha,
148 859 320 915 manifestus
333 861 403 916 tanti
418 863 549 931 sceleris,
564 882 621 921 non
636 865 714 939 prius
728 865 822 924 omisit
836 875 937 923 contra
950 884 998 923 ve·

74 971 135 1009 ium
160 952 221 1022 niti,
244 972 329 1027 quam
352 954 490 1035 ³animum
515 957 646 1025 advortit,
672 976 759 1033 supra
773 950 898 1035 gratiam
913 969 997 1034 atque

73 1047 226 1121 pecuniam
249 1066 330 1103 suam
349 1049 487 1105 invidiam
501 1050 570 1106 facti
586 1069 662 1107 esse.
705 1050 805 1125 Igitur,
825 1072 998 1127 quamquam

71 1140 108 1197 ‘in
120 1141 217 1219 priore
230 1129 344 1198 actio'ne
355 1160 393 1198 ex
408 1143 510 1197 amicis
524 1144 733 1219 quinquaginta
746 1144 846 1200 ⁶vades
861 1146 997 1215 dederam

72 1253 164 1313 regno
178 1236 281 1311 magis,
298 1253 384 1308 quam
398 1236 517 1291 vadibus
529 1237 694 1305 consulens,
705 1238 782 1293 clam
792 1238 822 1293 in
832 1236 999 1294 Numidiam

73 1329 269 1388 Bomilcarem
283 1330 406 1398 dimittit,
421 1330 538 1399 veritus,
560 1350 598 1387 ne
614 1332 739 1405 reliquos
750 1333 895 1406 popularis
906 1341 999 1389 metus

72 1424 223 1482 invaderet
237 1425 357 1498 parendi
367 1425 431 1495 sibi,
447 1424 471 1481 si
485 1425 521 1482 de
533 1425 582 1481 illo
594 1427 768 1501 supplicium
779 1437 902 1483 sumtum
913 1428 996 1484 foret.

74 1519 108 1576 Et
132 1520 198 1593 ipse
226 1518 328 1593 paucis
352 1519 454 1575 diebus
480 1519 638 1593 ⁶profectus
653 1529 705 1588 est,
731 1520 831 1593 jussus
845 1521 881 1574 ab
897 1528 998 1576 senatu

74 1613 159 1671 Italia
169 1613 324 1671 decedere.
368 1613 437 1681 Sed,
453 1623 603 1687 postquam
618 1612 712 1670 Roma
726 1631 861 1689 egressus
876 1620 929 1680 est,
944 1612 999 1668 fer-

14 1727 15 1738 *
75 1720 117 1767 tur
133 1727 225 1783 saepe
240 1726 276 1763 eo
290 1708 395 1791 tacitus
409 1707 571 1782 respiciens
586 1717 729 1782 postremo
750 1707 868 1776 dixisse,
883 1706 999 1762 ⁷unnmt

73 1803 998 1871 rensibusnrnaruanrnnrrrnnn,srnur'ronnurnvnnnnm!

103 1897 242 1955 XXXVI.
259 1896 395 1955 Inrnnnr
407 1898 539 1966 Albinus,
554 1906 692 1955 renovato
702 1898 999 1966 heum-commeatum,

72 1993 257 2070 stipendium,
280 1993 338 2050 alia
361 1997 435 2068 quae
458 1992 595 2050 militibus
619 1993 682 2049 usui
697 1992 800 2061 forent,
823 1992 957 2047 ⁸maturat
969 1989 998 2045 in

73 2087 205 2144 Africam
219 2094 334 2160 portare
345 2106 353 2155 ;
365 2074 411 2142 'ac
426 2087 521 2142 statim
536 2087 598 2160 ipse
613 2085 768 2160 profectus.
783 2087 822 2142 uti
833 2095 900 2142 ante
912 2085 998 2144 comi-

73 2182 117 2251 tia,
133 2181 212 2256 quod
225 2189 337 2254 tempus
350 2180 426 2236 haud
440 2181 527 2255 longe
542 2181 651 2248 aberat,
667 2181 770 2250 armis,
780 2189 829 2237 aut
840 2181 995 2250 deditione,

73 2274 230 2350 autquovis
241 2275 325 2332 modo
338 2275 445 2331 bellum
460 2275 629 2332 conficeret.
672 2277 712 2332 At
733 2285 834 2332 contra
857 2275 1000 2351 Iugurtha

73 2371 191 2428 trahere
206 2370 312 2438 omnia,
323 2378 353 2426 et
367 2370 449 2438 alias,
464 2369 568 2426 deinde
584 2370 657 2425 alias
672 2387 770 2427 morae
785 2388 906 2426 caussas
920 2369 999 2426 face-

73 2484 123 2522 re:
149 2465 282 2539 polliceri
309 2464 493 2531 deditionem,
522 2481 558 2519 ac
573 2463 678 2520 deinde
704 2475 813 2520 metum
838 2464 998 2519 simulare:

72 2558 202 2616 ’instanti
217 2559 333 2627 cedere,
348 2567 377 2614 et
392 2559 488 2632 paullo
499 2566 571 2631 post,
586 2575 623 2612 ne
635 2557 679 2613 sui
691 2556 861 2623 diffiderent,
871 2556 998 2612 instare:

74 2654 111 2711 ita
124 2654 197 2712 belli
212 2653 305 2721 modo,
320 2654 404 2709 modo
415 2653 497 2728 pacis
508 2647 598 2719 mora,
609 2650 758 2706 consulem
770 2649 930 2705 ludificare.
954 2651 999 2704 Ac

75 2747 168 2817 litere,
183 2748 301 2822 quitum
314 2747 450 2804 Albinum
461 2747 536 2803 haud
544 2747 685 2822 ignarum
706 2742 818 2800 consilii
831 2742 911 2820 regis
925 2741 999 2798 exis-

75 2851 230 2913 tumarent,
248 2860 342 2914 neque
366 2842 424 2897 ¹⁰ex
447 2849 528 2896 tauta
541 2839 729 2915 properantia
749 2847 809 2894 tam
823 2836 910 2894 sacile
924 2846 1009 2910 trac·¹

77 2945 136 2993 tum
152 2937 262 2993 bellum
275 2934 409 2991 secordia
424 2935 527 3010 magis,
543 2953 629 3007 quam
644 2933 719 3001 dolo,
736 2931 899 2988 crederent.
942 2930 1002 2988 Sed

77 3039 239 3104 postquam,
253 3029 364 3104 dilapso
377 3038 518 3102 tempore,
544 3029 725 3084 comitiorum
740 3027 802 3082 dies
817 3026 1000 3096 adventabat,

78 3124 210 3193 Albinus,
222 3125 298 3181 Aulo
313 3123 401 3180 fratre
415 3123 447 3179 in
459 3123 562 3179 castris
584 3123 656 3196 1¹pro
670 3127 804 3195 praetore
819 3120 930 3188 relicto,
945 3119 1001 3178 Ro·

77 3235 160 3282 main
170 3219 307 3275 decessit.
350 3289 355 3297 .
1067 3266 1071 3273 .

118 3312 270 3370 XXXVII.
299 3311 348 3370 EA
361 3319 534 3387 tempestato
559 3310 671 3373 Romae
685 3310 873 3370 seditionibus
886 3313 1002 3374 tribuni·

77 3405 137 3464 ciis
150 3408 286 3480 atrociter
298 3395 466 3481 respublica
478 3407 651 3482 agitabatur.
665 3411 672 3417 ’
694 3408 727 3464 P.
744 3407 884 3467 Lucullus
911 3417 940 3464 et
964 3404 1001 3464 L.

80 3500 204 3575 Atinius,
214 3501 320 3568 tribuni
331 3502 434 3579 plebis,
444 3501 645 3559 resistentibus
660 3502 792 3582 collegis,
815 3500 1003 3561 ”continuare
