2259 4050
251 302 259 307 ‚
332 268 685 328 Samum-lusitanus.
802 320 808 329 .
925 272 965 331 95

53 425 101 483 diis
113 407 266 492 laciundis,
279 443 338 481 non
351 423 469 481 Graeca
482 425 626 493 facundia,
637 430 738 499 neque'
756 425 874 493 urbapis
882 444 963 484 mun.

11 566 12 570 ,
53 519 121 575 ditiis
135 537 201 574 sese
211 512 362 573 exercuit:
383 518 508 574 itainter
521 519 591 575 artis
605 510 695 577 bonas
717 520 860 594 integrum
883 520 964 596 inge·

51 612 123 669 nium
136 611 217 668 brevi
230 611 363 666 adolevit.
396 611 476 687 Ergo
489 612 536 668 ubi
547 613 670 685 primum
681 612 852 668 tribunatum
863 613 965 670 milita-

52 725 107 762 rem
120 725 138 761 a
152 704 257 778 populo
271 704 350 778 petit,
365 705 509 778 plerisque
533 706 640 761 faciem
667 706 730 779 ejus
757 706 964 780 ignorantibus,

53 799 130 855 facile
144 798 239 853 'notus
257 816 310 870 per
323 798 415 855 omnis
430 799 520 853 tribus
533 799 706 855 declaratur.
750 798 862 854 Deinde
878 802 914 855 ab
929 819 964 856 eo

53 894 214 969 magistratu
229 891 317 946 aliurn
330 900 394 965 post
408 893 496 948 alium
519 893 574 947 sibi
589 892 717 965 peperit;
740 911 910 967 semperque
934 895 964 950 in
1020 910 1026 931 ·

52 986 230 1061 potestatibus
239 1004 274 1041 eo
285 986 369 1041 modo
380 986 517 1061 agitabat,
529 986 569 1040 uti
581 986 728 1059 ampliore,
740 1004 824 1057 quam
835 989 964 1061 gerebat,

11 1105 12 1150 4
51 1080 146 1157 dignus
161 1081 325 1144 baberetur,
371 1075 485 1135 Tamen
512 1079 546 1145 is,
572 1078 618 1133 ³ad
643 1079 671 1133 id
694 1080 822 1154 locorum
836 1081 901 1135 talis
912 1081 963 1149 vir,

51 1173 124 1248 (nam
151 1182 252 1248 postea
278 1173 431 1228 ambitione
446 1190 588 1246 praeceps
602 1173 683 1227 datus
698 1172 965 1248 est,)⁴consulatum

51 1277 180 1342 appetere
195 1286 253 1327 non
266 1267 400 1322 audebat.
442 1265 539 1321 Etiam
552 1276 612 1322 turn
623 1266 694 1322 alios
708 1267 891 1349 magistratus
905 1268 964 1342 ple-

51 1362 103 1430 bes,
125 1356 307 1418 consulatum
334 1360 469 1415 nobilitas
493 1360 568 1417 inter
581 1380 613 1417 se
641 1380 693 1435 per
705 1379 808 1416 manus
822 1362 962 1417 tradebat.

11 1445 12 1478 ³
51 1453 143 1512 Novus
157 1467 244 1511 nemo
256 1464 316 1509 tam
329 1440 446 1522 clarus,
461 1474 555 1527 neque
579 1465 637 1511 tam
652 1455 779 1529 egregiis
794 1455 878 1510 factis
893 1466 964 1522 erat,

51 1550 111 1621 quin
124 1549 180 1605 ⁵his
194 1548 328 1623 indignus
341 1549 391 1603 illo
404 1549 514 1603 honore
529 1556 557 1603 et
572 1548 653 1620 quasi
668 1548 789 1620 pollutus
800 1548 963 1603 haberetur.

83 1642 192 1699 LXIV.
220 1626 339 1709 lenna,
361 1641 410 1697 ubi
421 1641 531 1697 Marius
542 1640 702 1715 haruspicis
717 1640 793 1697 dicta
806 1642 909 1696 eodem
919 1641 964 1696 in·

12 1729 17 1784 i
51 1737 164 1802 tendere
180 1736 265 1804 videt,
284 1754 340 1809 quo
360 1735 463 1809 stupido
477 1735 567 1790 animi
579 1726 757 1805 hortabatur,
784 1737 820 1790 ab
845 1736 965 1791 Metello

13 1821 17 1876 i
51 1831 163 1904 petundi
177 1829 271 1907 gratia
289 1829 455 1886 missionem
476 1840 578 1906 rogat:
600 1830 647 1886 cui
674 1849 844 1903 quamquam
868 1830 964 1897 virtus

51 1925 146 1999 gloria,
160 1934 245 1998 atque
254 1924 316 1979 alia
325 1925 450 1998 optanda
462 1925 545 1980 bonis
564 1927 748 1999 superabant,
763 1934 859 1981 tamon
873 1925 966 1985 inerat

52 2017 337 2076 'contemtoranimus
351 2027 380 2074 et
393 2019 537 2092 superbia,
560 2037 712 2076 commune
731 2018 883 2074 nobilitatis
907 2038 965 2074 ma·

51 2112 115 2169 lum.
157 2111 257 2186 ltaque
282 2105 404 2186 primum
429 2117 587 2169 commotus
601 2113 769 2179 insolitare,
791 2112 889 2167 mirari
904 2112 966 2186 ejus

15 2170 19 2217 Ι
52 2207 207 2274 consilium,
222 2216 251 2262 et
261 2206 343 2279 quasi
358 2221 410 2279 per
423 2205 580 2262 amicitiam
594 2225 721 2274 monere,
737 2213 755 2239 “
766 2225 803 2262 ne
819 2207 888 2263 ⁷tam
902 2225 965 2282 pra-

14 2232 20 2356 i
52 2318 83 2356 va
95 2300 250 2375 inciperet,
277 2319 333 2356 neu
353 2319 440 2374 super
454 2300 596 2358 fortunam
611 2301 736 2358 animum
750 2312 865 2377 gereret
881 2323 887 2358 :
909 2321 966 2358 non

15 2380 19 2394 ¹
52 2394 144 2452 omnia
157 2395 288 2450 omnibus
302 2395 447 2468 cupiunda
457 2413 545 2451 esse:
568 2396 676 2452 debere
687 2396 728 2451 illi
743 2414 791 2452 res
806 2415 873 2452 suas
898 2397 968 2452 satis

15 2488 20 2604 p
52 2489 184 2560 placere:
206 2496 351 2563 postremo
374 2498 491 2545 caveret
516 2488 546 2547 id
565 2498 664 2564 petere
680 2509 697 2545 a
711 2490 815 2562 populo
827 2489 967 2558 Romano,

53 2584 122 2655 quod
135 2583 176 2639 illi
187 2583 254 2657 jure
264 2581 450 2658 negaretur.'’
470 2582 624 2655 Postquam
638 2582 713 2638 haec
727 2591 811 2654 atque
825 2583 896 2649 talia
908 2582 967 2636 dix·

16 2697 20 2733 :
53 2674 79 2744 it,
95 2695 192 2751 neque
202 2675 314 2732 animus
324 2675 411 2732 Marii
425 2675 558 2743 flectitur,
576 2675 731 2748 respondit,
743 2681 762 2707 “
774 2674 831 2732 “ubi
846 2673 967 2748 primum

16 2834 17 2837 Ἴ
55 2771 187 2842 potuisset
200 2788 255 2845 per
263 2770 381 2845 negotia
402 2769 526 2843 publica,
547 2769 690 2826 facturum
704 2787 787 2837 sese,
803 2787 876 2843 quae
890 2779 970 2844 pete.

16 2854 21 2927 l
56 2864 125 2920 ret.”
144 2867 190 2922 Ac
206 2872 308 2937 postea
321 2863 437 2938 saepius
450 2863 555 2920 eadem
568 2863 733 2937 postulanti,
748 2863 839 2920 fertur
853 2864 970 2934 dixisse,

57 2961 117 3016 “ne
137 2956 290 3032 festinaret
313 2957 414 3041 abirp:
435 2957 507 3014 satis
533 2966 644 3027 mature
658 2957 738 3014 illum
765 2976 831 3014 cum
845 2959 971 3015 filiosuo

58 3052 230 3108 consilatum
244 3050 428 3126 petiturum.''
468 3049 498 3108 ls
521 3069 557 3106 eo
577 3059 707 3123 tempore
721 3053 908 3110 contubernio
922 3071 970 3128 pa·-

57 3142 102 3200 tris
114 3144 223 3202 ibidem
236 3145 386 3214 militabat,
399 3144 502 3202 'annos
515 3153 600 3201 natus
615 3144 734 3202 circiter
744 3165 793 3202 xx.
826 3147 911 3212 Qube
925 3165 972 3204 res

58 3234 177 3296 Marium
191 3256 325 3314 cumpro
339 3239 458 3308 bonore,
483 3257 569 3313 quem
596 3238 770 3308 adfectabat,
794 3250 854 3298 tum
873 3251 972 3298 contra

57 3327 204 3390 Metellum
223 3333 412 3389 vehementer
434 3332 620 3392 accenderat.
646 3319 708 3390 “lta
728 3335 862 3419 cupidine
888 3343 971 3406 atqua

56 3422 106 3495 in,
119 3420 262 3500 pessumis
275 3427 493 3496 consrrltoribus,
507 3427 659 3503 ”grassari
672 3447 682 3498 ς
703 3447 797 3502 neque
812 3429 889 3484 facto
902 3425 970 3491 ullo,
