2259 4050
295 314 501 374 ,starem
519 315 703 376 suerum
800 376 829 409 ·.
951 316 992 383 tt

7 425 9 488 ¹
57 469 408 542 mammaeam
429 489 486 548 qua
508 472 633 545 racina,
658 473 868 555 auanragr,
883 479 988 541 sesan

7 615 8 638 ,
55 576 88 623 et
99 566 286 640 reliquorum,
301 585 373 641 quos
386 569 530 643 pecuniae
544 580 650 645 captae
665 558 864 644 arcessebant,
880 574 989 636 delieta

55 660 240 743 patefierent.
256 683 259 687 ⁴
284 660 361 719 Dum
372 662 448 720 haec
459 662 572 722 Romw
587 675 734 742 geruntur,
748 668 838 742 quiin
848 643 989 730 Nuiuidie
1024 704 1026 711 ι

54 754 151 813 relicti
164 774 184 812 a
197 755 299 813 Bestia
312 758 452 815 exercitui
463 768 627 835 praeerant,
656 762 749 819 seeuti
770 782 882 822 morem
896 765 986 841 impe-

54 850 169 918 ueteris,
180 851 304 925 plurIma
314 860 344 908 et
356 853 594 929 flagitiosissuma
604 856 735 916 facinora
745 857 856 917 feeere.
889 859 985 919 Fuere
1043 884 1054 890 ·

52 944 114 1020 qui,
129 962 200 1001 auro
211 948 347 1021 corrupti,
367 949 538 1023 elephantos
551 951 715 1028 Iugurthae
743 953 890 1011 traderent
906 975 913 1011 ε
936 956 988 1012 alii
1042 1014 1046 1019 ,

52 1038 194 1117 perfugas
220 1040 358 1099 'vendere
369 1063 382 1099 a
403 1062 472 1119 pars
497 1064 534 1101 ex
548 1046 672 1120 ³pacatis
692 1048 817 1120 praedas
832 1048 984 1121 agebant:

50 1143 137 1191 tanta
149 1134 193 1191 vis
207 1136 346 1193 avaritiae
359 1137 391 1194 in
412 1138 525 1196 animos
539 1157 650 1209 eorum,
665 1138 753 1197 veluti
767 1140 860 1207 tabes,
871 1140 984 1198 invase.

51 1239 110 1286 rat.
141 1230 180 1286 At
189 1229 319 1299 Cassius,
330 1231 453 1306 ‘perlata
463 1234 614 1309 rogatione
627 1254 645 1291 a
656 1232 693 1291 C.
705 1232 855 1301 Memmio,
867 1251 907 1290 ae
918 1253 983 1309 per.

7 1329 8 1390 t
51 1325 137 1382 eulsa
145 1325 224 1397 01an
233 1326 392 1395 nobilitate,
404 1328 442 1385 ad
451 1328 625 1404 Iugurtham
635 1325 829 1401 proficiscitur
841 1348 860 1384 a·
871 1329 899 1385 ei
907 1330 983 1389 tiuii·

50 1419 99 1489 do,
127 1427 158 1476 et
180 1419 228 1476 ⁵ex
252 1421 432 1481 conscientia
459 1422 598 1479 diffidenti
620 1422 707 1477 rebus
722 1422 791 1492 suis,
812 1425 981 1497 persuadet,

52 1522 72 1550 “
81 1514 146 1589 “quo
159 1532 193 1571 se
207 1516 313 1589 populo
327 1514 459 1572 Romano
473 1514 642 1583 dedidisset,
656 1533 694 1571 ne
708 1514 777 1585 vim,
793 1534 879 1589 quam
893 1519 979 1575 mise.

8 1591 13 1638 ²
50 1608 214 1678 ricardiam,
243 1610 367 1684 experiri
392 1608 524 1665 mallet.''
571 1608 709 1665 Privatim
723 1618 878 1685 praeterea
892 1612 980 1669 fidem

8 1727 15 1768 t
48 1723 133 1760 suam
153 1704 319 1779 interponit,
347 1722 433 1777 quam
455 1704 505 1760 ille
516 1721 574 1759 non
589 1702 717 1773 minoris,
733 1722 819 1779 quam
833 1706 978 1779 publicam

9 1799 12 1873 Ι
49 1800 190 1855 dueebatr
213 1798 279 1853 talis
293 1807 330 1854 ea
342 1796 514 1873 tempestate
523 1796 605 1855 fama·
618 1798 654 1855 de
669 1798 785 1856 Cassio.

89 1892 226 1950 XXXIII.
251 1891 363 1950 Ierrun
375 1892 528 1967 Iugurtha,
543 1893 656 1951 ⁷eoutra
670 1895 761 1951 decus
771 1895 896 1971 regium,
907 1897 978 1956 ⁸eul.

7 2032 8 2037 κ
48 2000 79 2047 tu
92 2006 179 2064 quam
200 2005 335 2046 maxume
350 1987 518 2056 miserabili,
542 2006 610 2045 eum
625 1988 730 2046 Cassio
744 1988 867 2048 Romam
878 1994 977 2051 venit:

50 2102 100 2154 ac,
109 2093 209 2140 tamen
223 2083 277 2139 etsi
291 2083 322 2139 iu
335 2081 527 2158 ips0⁹magna
539 2082 583 2140 vis
598 2083 686 2145 animi
704 2092 776 2151 erat,
790 2084 977 2143 confirmatus

49 2180 88 2235 ab
100 2179 232 2236 onmibu's
245 2195 366 2251 querum
379 2175 572 2249 potentia-aut
587 2177 699 2233 scelere
715 2185 822 2235 cuneta
832 2182 975 2256 gesserat,

50 2273 84 2331 C.
96 2272 237 2332 Baebium
251 2270 395 2326 tribunum
409 2269 502 2344 plebis
516 2289 625 2347 magna
638 2271 774 2329 mercede
785 2284 877 2348 parat,
892 2277 976 2352 eujus

9 2365 13 2435 Ι
48 2365 222 2444 impudentia
245 2363 368 2436 ¹⁰eontra
390 2364 445 2439 jus
464 2374 494 2421 et
507 2365 628 2439 injurias
639 2366 732 2424 omnis
747 2369 874 2427 munitus
888 2371 973 2430 foret.

9 2481 13 2523 t
50 2465 84 2518 nt
97 2461 134 2520 C.
150 2459 317 2529 Memmius,
329 2461 472 2517 adv'oeata
485 2460 627 2516 concione
639 2482 646 2530 ;
669 2479 843 2536 quamquam
858 2467 920 2542 regi
932 2467 973 2522 in.

51 2555 119 2613 festa
131 2555 236 2632 plebes
250 2563 322 2623 erat,
337 2562 367 2611 et
380 2573 448 2629 pars
461 2553 492 2610 iu
502 2553 641 2609 llvincula
656 2553 724 2610 duci
746 2556 878 2629 jubebat,
893 2577 972 2632 pars,

9 2705 12 2716 ,
51 2650 74 2706 ni
86 2650 184 2708 socios
196 2649 319 2706 sceleris
333 2649 468 2724 aperiret,
488 2665 569 2706 more
592 2647 743 2724 majorum,
759 2648 795 2705 de
810 2649 892 2707 hoste
907 2669 973 2727 sup.

9 2743 13 2791 Ι
51 2743 262 2817 plieiumsumi3
284 2743 427 2820 dignitati,
438 2762 525 2818 quam
532 2745 595 2804 irae
604 2743 700 2822 magis
714 2746 879 2816 consulens,
889 2746 972 2805 seda·

9 2808 14 2933 i
49 2855 75 2894 re
83 2848 188 2908 mettas,
199 2847 231 2896 et
242 2838 355 2902 animos
369 2839 492 2910 mollire,
507 2839 674 2916 ¹²postremo
686 2841 871 2912 confirmare,
883 2841 972 2901 fidem

9 2986 10 2989 ,
49 2933 187 3006 publicam
211 2952 265 3008 per
285 2931 352 2990 sese
373 2934 541 2993 inviolatam
555 2936 628 2994 fore.
670 2937 747 3007 Post,
761 2937 811 2994 ubi
825 2937 972 2997 silentium

9 3000 17 3108 'i
49 3029 147 3105 eoepit,
158 3028 300 3106 producto
310 3027 463 3106 Iugurtha,
474 3030 586 3089 ¹³verba
599 3030 678 3101 facit,
694 3031 806 3088 Romae
820 3031 971 3092 Numidia-

48 3138 96 3195 que
108 3123 245 3183 faeiuora
257 3125 321 3200 ejus
335 3134 485 3196 memorat,
497 3126 613 3184 seelera
625 3126 790 3201 inpetrem,
806 3125 972 3206 fratresque

10 3232 14 3277 t
46 3218 183 3278 asendit:
206 3219 357 3295 “¹⁴quibus
367 3219 543 3296 jurantibus,
557 3221 719 3294 quibusque
742 3221 880 3280 mitristris
902 3243 970 3302 ege-

24 3369 27 3382 ,
44 3310 83 3384 n't,
94 3332 272 3390 qaramquam
285 3315 437 3392 intellegat
447 3316 570 3390 populus
585 3315 734 3376 Romanus
750 3337 758 3386 3
781 3325 879 3376 tamen
895 3319 971 3376 velle

43 3409 194 3469 manifesta
207 3410 303 3487 magis
316 3428 354 3467 ex
367 3409 418 3467 illo
430 3395 539 3467 habere
552 3430 560 3466 a
582 3411 607 3467 si
622 3409 715 3467 ¹⁵vera
725 3411 859 3484 aperiret,
871 3412 903 3466 in
912 3410 969 3468 fide

43 3512 67 3561 et
79 3504 242 3565 elementia
254 3504 353 3581 pepuli
366 3503 493 3562 Romani
506 3521 644 3581 magnam
654 3516 737 3581 spem
747 3503 789 3562 illi
798 3504 901 3560 sitem:
923 3505 969 3562 sin
