2259 4050
225 292 228 296 ·
345 249 512 346 *aninam
532 267 698 327 Canama
906 266 912 279 '
946 271 1007 330 ω·
1032 253 1036 257 ’

18 489 24 504 ,
58 423 276 500 adolescentuli,
290 441 343 500 per
362 425 547 516 ambitionem
563 446 572 494 3
593 435 679 499 atque
693 425 781 482 etiam
797 434 924 492 armatos
943 425 984 486 di·

57 518 185 575 mittatis.
227 518 295 586 ¹Ne‚
310 519 365 576 ista
377 519 459 594 vobis
479 520 669 576 mansuetudo
682 529 712 576 et
732 519 940 588 misericordia,
960 521 986 576 si

56 611 96 668 illi
110 630 194 668 arma
205 613 344 686 ceperint,
353 613 383 668 in
396 612 544 669 miseriam
554 622 654 671 vertet.
681 611 813 668 ²Scilicet
823 630 871 668 res
882 631 987 687 aspera

57 714 99 762 est
113 726 123 776 ;
142 705 198 764 sed
212 724 264 760 vos
277 725 335 764 non
346 706 451 762 timetis
466 705 541 762 e'am.
575 705 667 762 Immo
678 725 748 763 vero
761 725 896 762 maxume
909 727 917 776 ;
933 706 985 763 sed
1011 704 1021 716 ‘
1039 735 1046 752 ι

57 798 195 856 inertiaet
209 798 328 855 mollitia
337 799 435 868 animi,
444 799 516 855 alius
523 799 611 856 aliurn
618 809 822 873 exspectantes
828 799 986 856 cunctami-

57 893 94 962 ni,
106 892 152 971 dis
166 892 374 950 immortalibus
386 893 500 961 conlisi,
513 893 560 968 qui
570 895 646 949 hanc
655 894 862 968 rempublicam
871 893 985 968 inmaxj

55 986 130 1043 umis
145 987 233 1060 saepe
249 987 560 1060 periculisservavere.
596 987 664 1044 Non
673 987 756 1055 votis,
764 968 985 1062 neque-''suppli-

39 1081 107 1137 sciis
116 1069 306 1137 muliebribus
317 1081 553 1138 auxilia'deorum
563 1089 716 1154 parantur:
732 1081 986 1158 vigilandaagen·
1058 1084 1060 1089 '

56 1175 100 1244 do,
112 1175 190 1230 bene
203 1173 381 1230 consulendo
394 1173 547 1248 ⁴prospera
556 1174 654 1229 omnia
667 1173 808 1230 ⁵cedunt:
833 1174 881 1229 ubi
891 1166 992 1237 secor'

57 1267 120 1326 diae
137 1277 165 1324 te
181 1277 264 1342 atque
275 1267 409 1344 ignaviae
421 1267 584 1337 tradideris,
596 1268 788 1342 nequidquam
801 1267 872 1324 deos
885 1268 1003 1343 implo-'

57 1381 101 1420 res
109 1353 123 1434 ;ι
131 1361 196 1418 irati
203 1360 357 1436 infestique
365 1371 439 1418 sunt.
457 1361 539 1436 Apud
549 1363 675 1436 majores
685 1372 805 1431 uestros,
813 1363 850 1419 T.
860 1363 988 1420 Manlius

57 1457 220 1532 Torquatus
233 1456 320 1512 ⁶bello
331 1455 445 1512 Gallico
457 1455 546 1512 filium
560 1476 653 1523 suum,
662 1457 737 1530 quod
748 1457 773 1512 is
785 1467 886 1512 contra
897 1458 988 1530 impe-

58 1551 129 1608 rium
143 1551 175 1607 in
189 1550 302 1608 hostem
317 1558 505 1626 pugnaverat,
520 1550 620 1606 necari
631 1550 734 1623 jussit3
747 1558 832 1622 atque
842 1549 890 1604 ille
903 1568 989 1624 egre-

57 1646 121 1722 gius
145 1645 319 1702 adolescens
331 1643 538 1701 immoderatae
561 1642 734 1705 fortitudinis
745 1700 748 1706 ,
759 1653 849 1700 morte
869 1643 990 1718 ⁷poenas

58 1740 152 1797 dedit:
167 1739 230 1796 ⁸vos
240 1738 276 1795 de
284 1737 500 1816 crudelissumis
509 1738 663 1814 parricidis
674 1738 740 1812 quid
750 1737 893 1807 statuatis,
902 1729 990 1795 cunc·

58 1833 178 1892 taminil
211 1833 369 1890 ⁹Videlice't
382 1833 440 1890 vita
452 1843 552 1892 cetera
567 1852 668 1890 eorum
686 1833 754 1890 huic
766 1833 871 1890 sceleri
885 1835 989 1890 obstat.

58 1928 168 1986 Verum
194 1927 305 2004 parcite
329 1927 460 2004 dignitati
487 1927 616 1997 Lentuli,
640 1926 665 1984 si
688 1928 751 2003 ipse
772 1928 939 2002 pudicitiae,
967 1926 991 1983 si

59 2024 153 2082 lamae
179 2042 262 2089 suae,
291 2024 315 2079 si
344 2024 388 2079 dis
416 2032 465 2081 aut
493 2024 658 2081 hominibus
685 2042 821 2097 umquam
848 2021 914 2077 ullis
942 2020 991 2096 pe·

30 2192 35 2203 ¹
60 2118 170 2195 percit:
206 2118 349 2195 ignoscite
378 2118 503 2193 Cethegi
541 2117 767 2194 adolescentiae,
792 2116 867 2172 ¹⁰nisi
888 2116 993 2173 iterum

59 2214 170 2289 patriae
197 2214 305 2270 bellum
329 2212 433 2271 fecitis¹
446 2211 530 2269 ‘Nam
552 2210 620 2287 quid
640 2231 697 2288 ego
712 2210 752 2269 de
768 2210 903 2281 Gabinio,
927 2211 992 2268 Sta-

58 2310 133 2389 tilio,¹
156 2308 302 2384 Caepario
322 2306 449 2382 loquarl
477 2307 580 2383 quibus
604 2306 651 2362 ¹¹si
673 2307 828 2382 quidquam
855 2322 994 2380 umquam

59 2403 141 2479 pensi
173 2403 286 2472 fuisset,
322 2420 381 2459 non
411 2422 448 2458 ea
475 2398 615 2459 consilia*
630 2402 666 2457 de
694 2402 846 2477 republica
878 2399 994 2457 habuis-

59 2509 131 2557 sent.
174 2498 335 2566 Postremo,
353 2483 465 2571 'Patres
489 2496 656 2570 conscripti,
681 2496 705 2551 si
729 2494 902 2551 mehercule
924 2512 993 2567 pec·

60 2602 123 2653 cato
158 2592 243 2651 locus
268 2600 354 2661 esset,
383 2590 470 2648 facile
502 2598 622 2666 paterer
652 2606 704 2644 vos
727 2588 792 2661 ipsa
818 2604 850 2643 re
876 2587 995 2661 corrigi,

60 2688 313 2763 quoniamlverba
341 2686 547 2756 contemnitis3
581 2684 634 2741 sed
661 2682 786 2756 undique
812 2680 994 2738 circumven-

61 2784 80 2841 ti
93 2802 204 2843 sumus.
244 2781 452 2856 ,Catilinacum
466 2780 597 2838 exercitu
609 2777 765 2835 ¹²faucibus
772 2785 858 2854 urget
874 2774 944 2834 :alii
953 2773 995 2833 in·
1050 2805 1053 2812 ·

61 2888 104 2937 tra
115 2862 285 2947 moenia,iu
296 2878 360 2934 sinu
373 2876 452 2933 urbis
462 2884 528 2933 sunt
548 2876 663 2933 hostes:
679 2874 796 2948 1³neque
811 2871 917 2948 parari,
945 2888 996 2929 ne·

64 2990 115 3047 que
131 2972 243 3032 consuli
257 2971 413 3047 quidquam
427 2971 542 3028 occulte
568 2979 687 3047 potest:
709 2988 765 3043 quo
779 2966 873 3044 magis
895 2984 997 3041 prope·

63 3069 192 3127 randum.
236 3068 336 3133 Quare
363 3066 404 3129 ita
430 3086 487 3145 ego
509 3084 643 3123 censeo:
660 3084 726 3121 cum
739 3061 853 3120 nefario
875 3059 999 3127 consilio

64 3162 273 3235 sceleratorum
284 3163 390 3221 civium
401 3160 606 3243 respublica-iu
622 3178 761 3217 maxuma
770 3158 903 3233 pericula
911 3174 999 3215 veno·

63 3258 107 3329 rit,
121 3257 209 3335 hique
224 3258 332 3315 indicio
342 3257 380 3315 T.
396 3256 548 3325 Volturcii,
571 3265 602 3313 et
613 3256 776 3332 legatorum
796 3253 997 3329 Allobrogum,

64 3353 188 3413 convicti
197 3350 384 3427 confessique
395 3351 461 3420 sint,
476 3350 609 3421 caedem,
623 3349 769 3420 incendia,
784 3349 842 3406 alia
855 3347 943 3404 soeda
956 3351 998 3403 at·

63 3464 120 3523 quo
134 3448 265 3509 crudelia
278 3447 411 3546 facinora
424 3446 454 3504 in
468 3445 555 3582 civi}
564 3445 744 3537 patriamque
763 3442 912 3521 paravisse
924 3458 934 3510 ς
961 3434 1000 3497 dc
