2259 4050
359 297 524 360 sinuosum
542 297 722 370 Juamras.
832 339 836 344 ·
970 307 1013 366 49

23 537 24 540 ¹
83 475 216 518 maxuma
229 455 370 514 industria
390 455 511 527 videtur,
535 457 673 517 ¹salutare
688 459 856 534 piebem,at
869 462 1011 522 caunviis
1056 486 1062 494 ·

23 551 25 562 ’
81 553 203 632 gratim
217 570 370 627 quaerere·
413 547 471 617 Qui
496 553 741 629 amputaverint,
769 557 930 630 atquibus
954 575 1010 633 ego

80 647 267 723 'temporibus
282 648 470 724 magistratus
484 649 607 723 adeptus
620 669 693 718 sum,
708 660 738 706 et
751 650 854 724 quales
864 634 917 708 viri
932 651 1011 709 idem
1028 637 1032 651 ’

81 733 198 816 adsequi
213 741 403 815 nequiverint,
419 751 448 824 et
471 752 581 817 postea·
600 763 675 817 quae
691 763 804 820 genera
819 746 967 803 hominum
978 745 1009 803 in

79 845 210 894 senatum
225 837 426 910 pervenerint3
450 839 580 912 profecto
594 838 815 909 existumabunt,
844 859 891 896 me
913 840 1008 918 magis

52 977 59 1020 f
77 931 199 1000 ²merito,
214 950 300 1005 quam
315 931 443 1008 ignavia,
453 930 595 1007 judicium
611 918 698 990 ¹animi
712 935 879 1004 mutavisse,
899 936 1018 1010 majus*

54 1023 59 1051 d
76 1045 129 1102 que
145 1025 331 1084 commodum
346 1047 383 1083 ex
397 1027 455 1084 otio
470 1046 545 1097 meo,
571 1047 657 1104 quum
679 1047 718 1085 ex
732 1030 856 1086 aliorum
869 1030 1006 1107 negotiis,

75 1113 254 1198 reipublicae
281 1129 442 1180 venturum.
485 1123 565 1179 Nam
590 1141 679 1197 saepe
708 1123 813 1192 audivi,
836 1124 885 1188 Ὦ.
902 1126 1005 1182 Maxu·
1045 1118 1054 1128 ’

64 1225 160 1286 mum,
190 1216 233 1272 ⁵1³.
251 1215 429 1291 Scipionem,
459 1225 615 1291 praeterea
636 1217 763 1274 civitatis
789 1227 906 1276 nostrae
921 1221 1005 1294 prae-

73 1311 168 1369 claros
183 1311 260 1368 viros
284 1311 383 1380 solitos
407 1311 448 1368 ita
462 1311 572 1382 dicere,
584 1330 658 1378 cuir,
672 1331 820 1372 usroama
842 1315 1005 1372 ⁸rurscrrtus

72 1423 302 1476 rurunnnurun,
317 1425 598 1466 vetrannrvrrssumr
619 1428 679 1465 s1n1
698 1428 824 1467 marcar
838 1428 881 1466 nn
894 1427 1003 1468 vauru-

72 1519 131 1558 rnn
147 1519 296 1559 nccnnnr.
327 1501 459 1559 ⁷Scilicet
472 1521 530 1560 non
540 1521 641 1560 ceram
654 1503 743 1570 illam,
758 1521 859 1577 neque
868 1505 1002 1579 figuram,

15 1661 18 1668 ⁴
70 1603 181 1670 tantam
195 1595 254 1653 vim
267 1596 297 1652 in
312 1613 379 1652 sese
392 1597 500 1653 habere
514 1618 522 1666 ;
545 1597 607 1665 sed,
617 1619 620 1623 ’
630 1596 771 1669 memoria
793 1615 891 1652 rerum
905 1607 1001 1673 'gesta-

11 1773 13 1800 i

10 1878 12 1970 Ι

9 1973 11 1988 i

70 1680 147 1762 mm,
156 1709 226 1748 eam
238 1691 384 1748 flammam
398 1691 527 1768 egregiis
536 1689 605 1748 viris
618 1690 649 1747 in
660 1699 779 1766 pectore
791 1709 938 1760 creseere,
949 1709 1001 1750 ne-

69 1805 120 1861 que
136 1785 220 1862 prius
234 1785 339 1855 sedari,
354 1805 440 1860 quam
455 1785 543 1842 virtus
566 1785 685 1866 deorum
708 1785 816 1842 samam
839 1796 925 1860 atque
939 1787 1000 1862 gio·

68 1882 138 1939 riam
155 1881 373 1955 adaequaverit.
396 1882 561 1951 utcontra,
577 1882 640 1957 quis
652 1889 696 1937 est
706 1881 834 1937 omnium
847 1880 904 1937 ⁹his
914 1882 1000 1938 muri.

68 1977 127 2048 bus,
143 1975 215 2052 quin
230 1976 335 2033 divitiis
346 1985 375 2033 et
389 1976 558 2052 sumptibus,
574 1995 631 2033 non
642 1975 783 2050 probitate
795 1994 890 2050 neque
902 1976 1005 2034 indus·
1034 2000 1036 2003 ·
1065 2024 1071 2033 .

66 2072 117 2130 tria
132 2090 203 2129 curn
218 2071 374 2146 majoribus
385 2072 445 2128 suis
460 2070 638 2128 contendat?
658 2068 747 2126 etiam
756 2069 997 2141 homines¹⁰novi,

66 2167 110 2243 qui
124 2175 218 2225 antea
230 2184 283 2241 per
296 2166 429 2223 virtutem
443 2155 519 2221 soliti
533 2152 806 2221 erant'nobilitatem
818 2165 997 2236 antevenire,

64 2260 162 2320 furtim
185 2268 215 2317 et
236 2261 311 2337 ¹¹per
323 2260 476 2319 latrocinia
490 2259 585 2335 potius
601 2258 701 2336 [quam
716 2259 800 2317 bonis
815 2260 943 2339 artibus]
960 2260 997 2320 ad

63 2356 190 2434 imperia
211 2364 240 2414 et
253 2356 378 2414 honores
392 2356 535 2425 nituntur3
557 2354 679 2431 proinde
701 2354 783 2429 quasi
807 2365 945 2432 praetura
968 2366 997 2413 et

63 2451 243 2520 consulatus,
272 2460 356 2527 atque
382 2450 441 2525 alia
465 2449 563 2506 omnia
576 2449 788 2523 hujuscemodi,
812 2468 866 2525 per
884 2452 996 2527 seipsa

64 2546 154 2616 clara,
168 2545 327 2623 magnifica
341 2537 406 2614 sint,
422 2562 457 2601 ac
471 2561 535 2616 non¹
544 2542 685 2616 ¹”perinde
700 2543 872 2612 habeantur,
892 2554 923 2600 ut
946 2564 994 2602 eo.

62 2654 124 2699 rum
137 2640 189 2716 qui
204 2640 344 2697 sustinent
358 2629 447 2697 virtus
458 2646 511 2695 est.
535 2636 660 2717 ⁸Verum
670 2654 727 2712 ego
741 2634 881 2691 uliberius
896 2638 994 2694 altius.

62 2752 115 2809 que
130 2734 274 2811 processi,
288 2734 357 2791 dum
384 2752 431 2791 me
457 2731 584 2789 civitatis
596 2728 709 2788 'morum
723 2728 804 2806 piget
817 2728 993 2808 taedetque:

62 2846 139 2886 nunc
155 2828 193 2886 ad
207 2828 355 2903 inceptum
369 2826 488 2883 ¹⁴redeo.
577 2877 583 2887 .

99 2922 139 2978 Va
170 2922 300 2980 Barnun
322 2922 482 2995 scripturus
504 2938 577 2989 rum,
605 2916 682 2993 quod
705 2906 831 2995 populus
843 2918 993 2981 Romanus

60 3033 127 3073 cum
140 3015 295 3097 Jugurtha,
306 3033 378 3091 rege
393 3013 616 3083 15Νιιιιιίὼιιιιιιι,
639 3013 748 3090 gessit:
770 3013 903 3090 primum,
913 3010 994 3091 'quia

59 3127 199 3187 magnum
212 3118 242 3167 et
254 3119 345 3178 atrox,
360 3108 519 3183 ¹⁰variaque
533 3108 656 3166 victoria
670 3108 723 3168 fuit
734 3128 741 3165 ι
764 3107 841 3179 dein,
851 3110 919 3184 quia
931 3119 992 3169 tum

58 3204 183 3277 primum
196 3203 350 3285 superbiae
365 3203 521 3261 nobilitatis
535 3203 650 3261 obviam
664 3203 735 3263 itum
748 3204 817 3274 est3
835 3223 912 3279 quae
922 3224 991 3264 eon·

57 3296 150 3355 tentio
163 3298 285 3356 ¹⁷divina
300 3308 329 3356 et
343 3300 470 3356 bumana
481 3308 587 3355 cuncta
600 3298 778 3374 permiscuit,
789 3317 882 3374 eoque
891 3318 991 3358 vecor-

54 3390 125 3453 diae
139 3394 290 3469 processit,
304 3394 345 3462 uti
360 3391 481 3450 ''studiis
496 3392 631 3450 civilibus
644 3394 753 3450 bellurn
769 3403 854 3467 atque
869 3393 991 3451 vastitas

54 3482 161 3548 ltaliae
181 3486 272 3547 finem
285 3486 407 3547 faceret.
450 3486 519 3557 Sed,
547 3487 715 3564 priusquam
727 3483 930 3562 hujuscemodi
944 3485 989 3547 rei
