2259 4050
74 342 78 345 ,
133 280 208 370 ἱ124
433 276 595 339 Sauram
614 275 789 331 Jucuauna.

146 433 217 510 suga
227 406 356 498 aberant,
369 448 439 486 cum
453 429 543 496 Sutia,
557 427 725 504 profligatis,
735 444 807 500 quos
817 424 969 481 advorsum
980 424 1063 493 ierat,

149 525 257 583 Mauris
269 526 307 579 ab
322 521 411 580 latere
425 522 552 580 incurrit.
596 522 730 597 Bocchus
743 520 838 575 statim
849 518 994 577 avortitur.
1023 519 1058 575 At

143 617 378 693 Jugunha'dum
388 624 638 682 sustentatorum,
653 623 682 671 et
692 632 780 689 prope
791 613 852 687 jam
861 611 1057 685 adeptamvic·
1114 650 1123 749 p

144 712 248 770 teriam
258 711 382 766 retinere
404 710 490 782 cupit,
511 708 724 764 circumventus
738 708 774 763 ab
786 705 936 778 equitibus,
951 704 1057 772 deutra,
1093 722 1097 735 ·

144 805 270 871 sinistra,
279 804 411 861 omnibus
421 802 537 870 occisis,
545 802 624 857 solus
632 802 706 856 inter
719 801 777 863 tela
787 799 911 855 hostium
921 798 1059 878 ¹vitabun-

142 897 197 953 dus
220 897 352 969 erumpit.
394 900 488 969 Atque
502 895 616 951 interim
637 874 758 963 Mariua,
782 880 893 967 sugatis
909 892 1058 965 equitibus,

143 992 268 1047 occurrit
282 990 388 1047 auxilio
401 984 470 1057 suis,
484 1007 554 1062 quos
570 989 639 1062 pelli
650 989 712 1062 jam
725 994 890 1059 acceperat.
906 983 908 987 ’
926 972 1070 1059 Denique'
1122 1028 1125 1063 9

141 1084 238 1141 hostes
252 1084 375 1157 undique
390 1083 456 1139 fusi.
499 1082 575 1139 Tum
589 1080 787 1155 spectaculum
797 1078 932 1145 horribile
948 1080 1059 1155 campis
1122 1064 1125 1163 Ι

75 1242 77 1246 ,
140 1178 320 1253 patentibus:
341 1177 444 1249 'sequa
459 1176 561 1251 sugere
578 1196 586 1244 3
608 1174 712 1242 occidi,
727 1172 816 1246 oapi3
838 1172 914 1245 equi,
939 1172 996 1229 uiri
1011 1174 1059 1229 ad.

140 1272 227 1327 flicti:
242 1291 278 1326 ac
293 1270 382 1337 multi,
397 1270 561 1325 volneribus
572 1268 710 1341 acceptis,
735 1284 828 1339 neque
845 1266 947 1341 sugere
962 1286 1058 1344 posse,

93 1415 100 1427 ,
139 1382 233 1436 neque
244 1364 371 1436 quietem
379 1362 455 1436 pati,
477 1360 539 1417 ³niti
553 1362 647 1429 modo,
658 1379 692 1416 ac
702 1360 798 1417 statim
808 1360 978 1417 concidere:
994 1378 1058 1436 pos·

138 1467 230 1513 tremo
244 1457 349 1523 omnia,
364 1474 420 1529 qua
434 1455 523 1511 ⁴visus
537 1463 608 1522 erat,
628 1463 775 1510 constrata
798 1454 871 1540 telis,
897 1455 994 1522 arnna,
1009 1474 1058 1513 ca·

36 1539 40 1545 ’
138 1550 308 1619 daverinus3
330 1560 360 1605 et
373 1534 447 1606 inter
459 1568 497 1607 ea
506 1549 609 1606 humus
624 1548 731 1605 infecta
746 1548 896 1623 sanguine.

177 1644 243 1700 CII.
273 1644 402 1699 15ΡοετΕΑ
421 1642 478 1699 1οοί
492 1643 603 1711 consul,
615 1642 692 1699 haud
707 1642 790 1699 dubie
802 1642 864 1715 jam
880 1642 978 1711 victor,
991 1663 1057 1717 per-

138 1737 255 1796 venitin
269 1735 403 1811 oppidum
417 1736 538 1803 Cirtam,
557 1755 614 1808 quo
628 1736 709 1792 initio
724 1737 868 1809 profectus
881 1736 1056 1796 intenderat.
1084 1800 1087 1807 ,
1114 1734 1122 1801 ,’

137 1832 182 1889 Εο
209 1832 282 1903 “post
311 1830 387 1885 diem
418 1829 554 1902 quintum,
587 1848 673 1902 quum
709 1830 811 1887 iterum
839 1830 955 1905 barbari
979 1833 1056 1889 male
1122 1856 1125 1933 p

136 1924 344 2001 pugnaverant,
355 1922 443 1998 legati
458 1940 476 1977 a
486 1922 604 1979 Boccho
619 1921 745 1990 veniunt,
760 1923 807 1996 qui
821 1924 900 1999 regis
911 1926 1006 1981 verbis
1016 1929 1055 1983 ab
1124 1946 1125 1955 ¹

137 2018 229 2078 Mario
240 2018 378 2094 petivere,
394 2016 479 2074 “duo
492 2036 579 2090 quam
592 2016 754 2074 fidissumos
772 2017 809 2074 ad
823 2037 889 2074 eum
909 2018 1055 2077 mitteret:
1119 1998 1125 2076 i

116 2160 120 2171 ,
134 2116 210 2172 velle
224 2115 260 2171 de
271 2133 313 2181 se,
329 2113 405 2171 etde
420 2112 516 2187 populi
531 2111 658 2172 Romani
669 2095 820 2169 commodo
834 2129 901 2168 curn
915 2113 940 2168 is
963 2113 1054 2172 disse-

94 2231 98 2238 ·
118 2207 231 2266 2.rere.”
271 2207 324 2263 ille
338 2207 435 2262 statim
450 2206 486 2262 L.
500 2206 612 2262 Sullam
626 2213 655 2262 et
677 2206 714 2262 A.
730 2206 870 2262 Manlium
894 2206 936 2263 ire
957 2207 1052 2281 jubet.

133 2303 192 2368 Qui
204 2307 376 2374 quamquam
390 2299 475 2354 acciti
485 2299 577 2366 ibant,
592 2306 688 2354 tamen
703 2299 811 2372 placuit
820 2302 910 2356 verba
920 2302 997 2376 apud
1008 2321 1054 2358 re.

136 2414 205 2473 gem
215 2394 329 2461 facere;
350 2391 498 2466 ingenium
511 2400 560 2446 aut
574 2409 707 2447 avorsum
721 2393 761 2447 uti
772 2393 930 2462 flecterent,
945 2403 1052 2467 autncu-
1104 2457 1107 2462 r
1124 2417 1125 2426 ¹

128 2583 177 2658 jus
188 2580 351 2648 facundiae,
366 2597 423 2636 non
437 2578 524 2637 aetati
534 2599 553 2634 a
566 2579 677 2636 Manlio
691 2599 872 2652 concessum,
883 2602 979 2656 pauca
988 2604 1050 2641 ver·-

130 2679 169 2734 ba
182 2673 379 2750 hujuscemodi
393 2673 515 2730 locutus.
539 2673 632 2730 “Rex
647 2673 774 2743 Bocche,
786 2694 891 2751 magna
902 2677 1051 2736 nobislae·

76 2835 80 2841 ‚
129 2769 199 2838 titia,
214 2787 282 2825 cum
293 2776 323 2822 te
336 2767 424 2822 talem
437 2765 528 2824 virum
541 2765 571 2821 di
585 2785 734 2836 monuere,
758 2768 799 2826 uti
823 2768 976 2842 aliquando
1001 2791 1050 2848 pa·

130 2881 205 2932 cem,
218 2880 304 2935 qnam
317 2860 434 2926 bellum,
447 2860 550 2917 malles
565 2881 574 2929 ;
595 2879 651 2916 neu
666 2870 694 2917 te
709 2871 853 2936 optumum
868 2881 934 2920 cum
949 2885 1050 2938 pessu-

129 2977 177 3016 mo
190 2955 317 3014 omnium
324 2953 343 3008 J
345 2953 468 3028 ugurtha
477 2953 625 3010 miscendo
636 2957 863 3014 commaculares
874 2978 881 3028 ;
904 2958 990 3016 simul
998 2978 1048 3016 no·

62 3073 66 3077 ·
128 3052 173 3109 bia
187 3052 320 3107 demeres
333 3048 470 3104 acerbam
480 3049 731 3117 necessitudinem,
747 3051 853 3123 pariter
862 3060 890 3108 te
901 3047 1048 3111 errantem

128 3144 250 3205 atilium
264 3142 524 3201 sceleratissumum
538 3143 692 3216 'persequi
736 3145 782 3199 Ad
797 3145 862 3216 hoc,
876 3147 981 3220 populo
991 3146 1048 3206 Rc-
1124 3165 1125 3230 p

127 3257 214 3298 mano
224 3239 287 3313 jam
300 3255 319 3294 a
332 3235 484 3311 ‘principio
497 3235 673 3308 reipuhlicae
688 3236 790 3307 usum,
815 3239 935 3310 amicos,
960 3259 1047 3317 quam

126 3351 227 3391 nervon
247 3351 408 3407 quaererer
429 3330 515 3388 tutius
542 3330 607 3396 rati,
631 3330 799 3400 volentibua
822 3351 909 3406 quam
936 3335 1049 3397 coactis

126 3426 301 3503 imperitare.
331 3425 399 3482 Tibi
409 3442 478 3486 vero
492 3423 572 3485 nulla
585 3425 769 3505 opportunior
782 3435 882 3489 nostra
896 3427 1046 3496 annuum
