2259 4050
116 311 120 315 Α
169 272 212 331 U
256 277 260 288 ‘
394 285 396 288 ’
454 266 827 326 serumserum„

172 443 266 500 neque
276 422 355 482 dieto
367 424 523 492 abstinere,
537 423 614 498 quod
628 422 713 480 mode
723 420 920 479 ¹'ambitiosum
933 418 1018 479 soret:
1036 418 1077 476 mi·

172 520 249 589 lites,
262 517 546 593 quibusiubibemis
560 526 703 592 praeerat,
717 516 865 573 laxiore
857 514 986 590 imperio,
1008 531 1079 587 quam
1108 478 1109 613 ι

173 622 268 681 antea,
282 613 409 669 habere.
430 611 506 685 apud
520 611 724 687 negotiatores,
739 628 863 683 quorum
886 628 992 695 magna
1004 592 1109 673 multi

97 692 105 705 ’
172 707 240 763 tudo
254 706 358 761 Uticae
373 713 445 772 erat,
455 703 621 761 ²criminose
636 704 729 772 simul,
748 714 779 759 et
793 692 952 779 magnifiee
973 701 1006 757 de
1019 700 1109 783 bello

134 858 140 876 ι
172 799 273 872 loqui:
295 804 314 831 “
323 797 451 853 ³dim1dia
464 807 532 871 pars
545 798 692 853 exereitus
707 796 761 854 sibi
785 797 1007 872 permitteretur,
1027 808 1109 868 pau

173 892 217 949 eis
231 891 333 946 diebus
353 891 557 967 Juguttham
549 910 580 947 m
594 890 705 947 cetenis
716 890 906 949 habiturum:
922 889 986 973 eb'
979 906 1109 961 impera

173 984 786 1059 toreconsultotrahr,quedhome⁴'1nenis
815 993 846 1041 et
871 984 982 1061 ⁵regiae
1003 970 1109 1055 super-i

67 1079 71 1086 '
125 1115 128 1132 .
173 1078 260 1135 blae'
253 1080 372 1153 imperio
386 1079 471 1137 nimis
484 1079 634 1155 gauderet.
638 1077 656 1104 ''
697 1078 781 1143 Quae
809 1078 912 1135 emnia
935 1078 991 1134 illis
1004 1072 1083 1131 eefir

173 1173 266 1231 miore
288 1174 467 1241 videbantur,
496 1172 571 1246 quod
585 1172 767 1229 diuturnitate
791 1172 864 1229 belli
892 1173 941 1228 res
955 1150 1083 1228 familiaris

174 1276 372 1340 corruperant,
385 1274 416 1322 et
429 1267 536 1323 “animo
550 1266 677 1340 cupienti
687 1266 758 1321 nihil
772 1266 846 1322 satis
861 1265 1020 1323 festinatur.

69 1407 74 1415 ,
150 1419 153 1425 ι
187 1358 306 1415 ΧΙιιιιι.
323 1359 413 1415 Earn
426 1366 578 1433 praeterea
594 1358 623 1414 in
638 1358 767 1415 exercitu
781 1370 882 1417 nostro
897 1356 1020 1415 Numida
1038 1352 1083 1427 qui·

95 1458 101 1467 '
174 1452 241 1509 dam
260 1453 376 1509 nemine
390 1451 504 1521 Gauda,
519 1452 728 1509 Mastanabalis
743 1452 830 1522 filius,
853 1452 1034 1511 Masinissae·
1044 1464 1082 1503 ne·

175 1564 236 1623 pos,
250 1566 335 1621 quem
347 1546 473 1621 Micipsa
485 1554 658 1603 testamento
671 1546 845 1617 ⁷seeundum
856 1547 994 1622 heredem
1008 1540 1080 1612 scrip·
1106 1536 1107 1545 ’

67 1620 72 1630 ’
88 1693 92 1696 ι
175 1651 262 1708 serat,
276 1633 568 1709 3ιιιιιιιιιειιιιιιειίιιιιι,
584 1642 662 1715 etob
677 1658 900 1697 eameaussam
914 1649 1008 1697 mente
1022 1632 1084 1710 paul·

175 1736 234 1790 lum
246 1734 404 1789 imminuta.
437 1734 493 1790 Cui
505 1735 639 1789 Metellus
651 1734 769 1807 petenti,
781 1754 865 1792 more
875 1730 1024 1811 regum-uti
1035 1722 1084 1781 ἰιι-

175 1828 233 1883 lam
240 1826 322 1899 juxta
338 1820 467 1900 poneret,
486 1826 556 1882 item
570 1836 670 1907 postea
685 1828 833 1885 custodiae
846 1844 957 1885 aaussa
979 1834 1085 1883 turmam

129 1973 134 1980 ,
174 1920 301 1994 equitum
328 1919 533 1987 Romanorum,
557 1929 708 1993 utrumque
731 1932 916 1997 negaverat3
952 1922 1107 1976 honorem..

168 2014 250 2092 ‘quod
264 2035 364 2072 eorum
375 2014 459 2071 modo
474 2012 560 2083 foret,
575 2034 646 2094 quos
661 2014 781 2090 populus
796 2014 949 2073 Romanus
963 2000 1087 2088 re'gesad·

175 2110 342 2186 pellavisset
354 2132 362 2179 ;
384 2109 571 2184 praesidium,
581 2109 656 2183 quod
668 2109 910 2168 contumeliosum
920 2105 950 2168 in
962 2104 1086 2165 eostoret

59 2216 71 2228 ·
176 2203 201 2258 si
215 2204 327 2276 equites
342 2203 467 2260 Romani
481 2204 621 2260 satellites
632 2203 777 2259 Numidae
789 2188 982 2262 traderentur.
1016 2195 1087 2255 Hunc

177 2296 288 2352 Marius
297 2295 435 2352 ¹⁰annium
446 2297 613 2372 adgreditur
621 2307 704 2370 atque
716 2297 857 2366 hortatur,
866 2295 909 2357 'uti
920 2287 1087 2356 contumelia·
1108 2339 1109 2346 ι

176 2403 240 2445 rum
250 2389 452 2463 uimperatoris
463 2407 530 2444 cum
540 2408 592 2448 suo
602 2391 708 2447 auxilio
717 2409 826 2465 peenas
837 2403 919 2469 petat
930 2414 937 2450 ι
959 2387 1086 2448 hominem

177 2485 214 2542 ob
227 2483 342 2540 morbos
356 2482 453 2540 animo
466 2502 568 2558 parurn
579 2485 678 2552 ,valide
697 2485 848 2543 ¹²secunda
869 2488 999 2545 oratione
1014 2473 1086 2538 extol·
1108 2525 1109 2542 2

166 2577 227 2636 lit:
250 2585 269 2631 ‘t
279 2578 360 2658 illum
372 2597 484 2655 regem,
499 2578 647 2656 ingentem
662 2571 764 2648 virum,
780 2577 958 2639 Masinissae
969 2581 1088 2651 nepotem
1108 2567 1109 2570 ’

178 2692 260 2753 esse:
281 2674 305 2730 si
315 2673 460 2749 Jugurtlra
468 2682 581 2748 eaptus,
593 2683 641 2730 aut
651 2675 776 2752 occisus,
785 2675 939 2750 imperium
951 2658 1089 2743 Νιιιιιιιιίιιἑ

178 2768 242 2825 siue
257 2785 339 2823 mora
352 2767 535 2824 habiturum:
555 2767 606 2823 ”id
633 2757 707 2824 adeo
735 2779 846 2826 mature
870 2789 957 2846 posse
977 2757 1090 2822 evenire,

179 2860 204 2916 ιι
219 2859 281 2933 ipse
296 2860 397 2914 consul
411 2859 447 2915 ad
461 2859 491 2915 id
504 2860 613 2918 bellum
626 2861 731 2920 missus
745 2862 850 2920 foret.'’
891 2865 993 2940 Itaque
1017 2863 1044 2911 et
1067 2847 1091 2904 ll·

172 2954 249 3022 lum,
259 2950 596 3025 sequestremne,
609 2956 714 3014 milites
724 2969 752 3014 et
761 2959 968 3034 negotiatores,
982 2943 1109 3020 alies1P

179 3065 224 3116 se,
238 3037 391 3120 plerosquo
405 3065 473 3123 spes
484 3049 566 3124 pacis
578 3051 711 3126 impellit,
725 3053 766 3109 uti
781 3053 905 3110 Romam
920 3051 956 3109 ad
976 3062 1041 3104 suos
1053 3051 1109 3104 ne

180 3125 325 3197 cessarios
339 3159 442 3216 aspere
461 3141 491 3200 ιιι
506 3143 658 3203 Metellum
680 3147 807 3203 debello
822 3149 959 3214 scribent,
981 3133 1093 3198 Marium

180 3233 385 3308 imperatorem
399 3247 530 3311 poseant.
556 3239 623 3296 Sia
638 3240 679 3296 illi
700 3259 719 3296 a
737 3241 833 3297 multis
854 3237 1022 3298 mortalibus
1034 3225 1094 3282 '⁵1¹⁰-

181 3327 356 3388 nestissuma
369 3329 577 3406 suffragatione
601 3334 768 3391 consulatus
782 3338 951 3409 petebatur:
972 3321 1051 3385 simut
1065 3330 1094 3370 0⁸

163 3431 354 3511 'tempestate
368 3424 499 3499 “plebea
514 3425 663 3504 nobilitate
677 3428 742 3486 fusa
763 3431 923 3507 perlegam
937 3416 1095 3484 Mamiliam,

180 3533 271 3578 novae
285 3518 453 3574 extollebat.
495 3518 541 3576 lta
554 3520 649 3578 Mario
663 3533 770 3580 cuncta
782 3525 954 3598 procedere.
