2259 4050
753 88 783 111 {r

1001 146 1007 159 ,,

1016 174 1017 179 ,
1085 168 1092 178 a

794 202 839 216 ,Ι
1087 190 1091 203 a

929 208 952 232 al
1120 220 1124 229 ι

1009 268 1014 275 .

187 294 192 306 ’
315 290 491 365 χΒΑΜΜἮ
510 290 688 351 duanam.
789 289 791 293 ’

915 261 968 353 ι’31
992 286 996 315 ¹

56 429 273 519 nrmpromittit.
316 445 454 503 Cetemm
481 448 518 503 ad
544 448 734 503 simulandam
762 465 874 521 pacem,
890 450 972 522 eujus

56 536 192 605 Numida,
207 538 339 593 defessus
362 540 448 607 bello,
471 541 670 607 avidissumus,
696 559 769 613 quae
797 542 877 595 utilia
901 542 972 609 risa,

56 621 237 687 constituunt.
279 630 333 699 Ita,
348 632 507 705 composito
521 632 595 699 dolo,
611 634 816 708 digrediuntur..

93 723 187 780 cxll.
209 725 257 781 Ar
268 743 320 779 rex
334 733 448 797 postero
456 725 503 795 die
513 726 664 799 Asparem,
677 726 836 801 Iugurthae
847 728 974 802 legatum
989 782 997 791 ,

54 818 199 891 adpellat:
222 824 239 851 “
251 817 316 879 {sibi
332 836 384 890 per
397 817 545 873 Dabarem
559 838 597 875 ex
611 819 694 875 Sulla
707 822 864 895 cognitum,
890 840 973 893 posse

53 910 263 969 conditionibus
280 911 388 967 bellum
397 911 483 983 poni:
504 914 690 984 quamobrem
704 914 782 988 regis
807 916 849 969 sui
861 925 974 970 senten·
1092 902 1093 905 Ἴ
1127 924 1128 991 l

52 1006 125 1061 tiam
138 991 333 1077 exquireret.”
374 1003 427 1059 Ille
442 1005 534 1059 laetus
548 1005 578 1060 in
593 1014 690 1061 castra
700 1006 860 1081 Jugurthae
885 1009 973 1065 veuit.

51 1099 170 1156 Deinde
185 1099 221 1153 ab
235 1098 285 1153 illo
295 1107 402 1153 cuncta
415 1098 544 1166 edoctus,
559 1108 712 1172 properato
731 1100 843 1168 itinere,
859 1112 921 1174 post
936 1103 976 1156 di·

52 1212 98 1249 em
112 1200 250 1249 octavum
261 1191 336 1247 redit
345 1191 381 1247 ad
392 1191 550 1260 Bocchum,
561 1201 590 1247 et
602 1192 629 1247 ei
638 1194 765 1261 nunciat,
779 1201 796 1227 ‘⁴
806 1193 977 1269 Iugurtham

51 1303 162 1362 cupere
173 1286 281 1353 omnia,
296 1304 370 1358 quae
385 1285 604 1358 imperarentur,
620 1286 734 1357 facere;
758 1288 808 1343 sed
824 1281 917 1343 lllario
928 1308 977 1362 pa-

52 1398 116 1435 rum
134 1378 300 1435 confidere:
323 1398 413 1453 saepe
428 1387 517 1435 antea
529 1398 597 1439 curn
610 1380 828 1455 imperatoribus
840 1382 978 1442 Romanis

52 1492 161 1548 pacem
176 1482 347 1530 conventam
360 1472 476 1529 ²frustra
490 1472 589 1530 fuisse.
631 1474 779 1531 ³Ceterum
794 1475 817 1529 si
842 1478 979 1530 ambobus
1024 1532 1028 1537 .

52 1568 230 1634 consultum,
246 1577 278 1624 et
288 1554 380 1623 ratam
394 1586 500 1641 paoem
510 1568 607 1636 vellet,
623 1568 703 1623 daret
718 1564 845 1639 operam,
860 1576 900 1633 ‚ut
922 1587 980 1623 una.

52 1663 88 1719 ab
102 1661 251 1729 omnibus,
265 1660 348 1734 quasi
358 1661 395 1716 de
410 1680 484 1735 pace
499 1662 528 1716 in
552 1662 724 1735 colloquium
737 1660 901 1728 ueniretur,
927 1662 980 1728 ibi.

52 1776 111 1830 que
132 1755 188 1811 sibi
203 1756 314 1811 Sullam
325 1755 471 1811 traderet:
493 1774 559 1812 cum
583 1756 773 1812 talem¹virum
796 1756 825 1810 in
841 1764 980 1829 potestate

50 1850 192 1917 haberet,
203 1848 275 1918 sore,
293 1850 333 1905 uti
350 1841 433 1923 jussu
444 1861 563 1906 senatus
579 1860 663 1923 atque
677 1850 773 1925 populi
788 1849 910 1905 Romani
923 1850 981 1907 foe-

52 1946 108 2003 dus
127 1944 231 2000 fieret:
253 1963 347 2017 neque
362 1933 508 2001 bominem
522 1945 659 2011 nobilem,
684 1945 749 2006 laon
779 1964 832 2001 sua
856 1946 982 2019 ignavia,

51 2041 107 2096 sed
123 2039 165 2095 ob
179 2039 385 2112 rempublicam
400 2039 428 2093 in
442 2039 566 2095 hostium
583 2047 732 2113 potestate,
747 2039 877 2094 relictum
892 2039 959 2094 iri.'’

94 2131 213 2191 CXIII.
243 2133 333 2189 Hanc
345 2132 464 2188 Maurus
478 2152 580 2189 secum
593 2133 655 2206 ipse
671 2131 718 2187 diu
733 2133 851 2188 volvens
869 2132 984 2188 taudem

52 2226 211 2304 promisit3
234 2235 365 2282 ceterum
386 2226 472 2294 ⁵dolo,
500 2246 537 2282 en
561 2245 640 2294 vere,
657 2225 759 2300 parum
781 2226 983 2300 comperimus.

54 2321 120 2379 Sed
132 2321 300 2398 plerumque
310 2320 409 2396 regiae
420 2321 592 2390 voluntates
612 2330 643 2377 ut
654 2319 851 2401 vehementes,
867 2321 909 2378 sic
926 2340 986 2376 mo·

3 2466 5 2469 r
54 2417 145 2487 biles,
159 2434 249 2490 saepe
264 2414 355 2490 lipsae
373 2415 428 2471 sibi
439 2404 590 2471 advorsae.
633 2415 746 2487 Postea,
762 2425 891 2491 tempore
907 2425 936 2471 et
947 2399 986 2472 lo-

55 2529 94 2568 co
110 2510 278 2578 constituto,
296 2508 340 2586 [iu
354 2509 526 2583 colloquium
540 2509 581 2564 uti
596 2507 631 2564 de
647 2527 719 2583 pace
736 2509 902 2584 venustus]
913 2509 987 2564 Boc-

55 2605 137 2663 chus
148 2605 261 2661 Sullam
273 2604 369 2672 modo,
396 2603 481 2668 modo
505 2601 666 2678 Iugurthae
686 2602 814 2676 legatum
831 2602 987 2675 adpellare,

44 2679 201 2776 'benigne
229 2699 348 2768 babere,
373 2697 449 2756 idem
473 2698 612 2783 ambobus
639 2693 781 2770 polliceri.
823 2695 868 2752 Illi
883 2694 990 2770 pariter

54 2793 145 2862 laeti,
159 2811 196 2849 ac
211 2791 273 2867 spei
282 2793 377 2850 bonae
391 2791 478 2867 pleni.
521 2789 581 2848 Sed
593 2799 679 2864 nocte
695 2809 740 2859 ea,
762 2809 836 2864 quae
851 2807 992 2864 proxuma

55 2887 116 2946 fuit
130 2886 288 2944 antediem
305 2886 447 2960 colloquio
461 2885 619 2954 decretum,
630 2885 759 2954 Maurus,
773 2884 906 2942 adhibitis
921 2885 991 2942 ami-

52 2979 586 3056 cis‚acstatimimmutatavoluntate
608 2980 744 3048 ⁸remotis,
765 2979 870 3042 dicitur
892 2995 991 3035 secum

52 3077 129 3152 ipse
145 3076 237 3133 multa
246 3074 412 3152 agitavisse,
426 3073 514 3131 ”voltu
528 3073 658 3150 corpo'ris
682 3074 800 3148 pariter,
823 3083 908 3148 atque
932 3074 993 3130 ani-

51 3189 112 3230 mo
124 3169 243 3226 varius:
264 3189 321 3244 qua
330 3187 374 3238 re,
385 3169 498 3226 scilicet
508 3177 624 3224 tacente
639 3167 711 3242 ipso,
734 3170 849 3226 occulta
862 3169 991 3244 pectoris

51 3261 259 3342 patefecisse.
302 3262 416 3320 Tamen
430 3271 576 3338 postremo
590 3261 702 3320 Sullam
713 3262 848 3320 arcessiri
859 3263 952 3337 jubet,
964 3271 994 3320 et
1017 3283 1021 3290 ·

51 3376 99 3419 ex
112 3355 185 3430 ejus
200 3355 345 3414 sententia
358 3356 504 3414 Numidae
516 3356 637 3416 insidias
656 3359 757 3414 tendit.
798 3355 922 3424 Deinde,
948 3355 995 3414 ubi

53 3453 137 3512 dieu
152 3451 277 3522 advenit,
289 3459 319 3509 et
334 3452 362 3508 ei
375 3451 543 3510 nunciatum
556 3459 611 3520 est,
621 3448 794 3528 Jugurtham
807 3449 890 3538 haud·
894 3450 995 3524 procul
