2259 4050
258 315 293 348 ἃ,
340 261 699 334 amomacum
762 288 771 295 ·
879 258 882 267 “
944 262 993 335 ω,

68 417 200 480 mortales
213 416 295 479 initio
307 402 440 478 Africam
454 417 615 486 habuerint,
626 416 730 492 quiquo
740 424 843 491 postea
850 433 973 476 accessa

67 512 128 582 rint,
142 507 345 586 autquomodo
358 511 433 585 inter
447 531 479 569 se
501 511 634 587 permixti
658 511 731 580 sint;
752 509 935 585 ¹quamquam
948 513 984 568 ab

67 624 100 662 ea
118 605 205 674 fama,
224 624 307 680 ¹quae
327 605 481 681 plerosque
496 606 614 674 molinet,
628 605 775 663 diversum
787 613 854 674 est3
875 614 983 674 tamen,

65 699 102 756 uti
116 717 153 756 ex
167 699 248 760 libris
258 698 383 769 Punicis,
397 700 445 773 qui
459 700 538 777 regis
556 699 735 774 Hiempsalis
748 698 928 768 dicebantur,
942 698 984 755 in.

66 801 249 868 terpretatum
263 794 346 850 nobis
371 803 425 864 est,
453 794 549 868 utique
577 792 640 850 rem
654 813 720 851 sese
733 794 843 854 habere
859 793 998 850 cultores.

65 887 122 960 ejus
136 896 233 944 terrae
256 897 365 962 putant,
388 906 474 961 quam
489 888 682 964 paucissumis
696 887 802 945 dicam.
845 886 982 945 Ceterum

64 980 132 1038 fides
147 981 213 1055 ejus
226 981 375 1055 reipenes
390 991 525 1040 auctores
535 983 600 1039 erit.

97 1074 209 1134 XVIII.
245 1075 389 1157 Ararcau
420 1076 501 1133 initio
535 1077 664 1134 habuere
697 1074 827 1131 'Gaetuli
860 1085 891 1132 et
922 1073 971 1132 ³Li

63 1170 138 1243 byes,
155 1169 262 1243 asperi,
276 1168 378 1225 inculti
393 1190 401 1238 3
436 1169 500 1243 quis
526 1170 610 1227 cibus
629 1178 694 1227 erat
707 1187 777 1226 caro
790 1167 884 1226 serina
897 1176 981 1242 atque

63 1261 133 1320 humi
148 1263 296 1339 pabulum,
311 1261 353 1318 uti
367 1263 530 1337 pecoribus.
573 1263 625 1334 lHi
647 1281 740 1338 neque
767 1263 905 1332 moribus,
932 1280 979 1329 ne¹

63 1374 111 1429 que
124 1356 206 1432 lege,
221 1374 314 1431 neque
338 1356 461 1431 imperio
483 1357 653 1434 cujusquam
674 1359 869 1434 regebantur:
905 1355 980 1432 vagi,
1071 1358 1074 1362 ’

63 1450 200 1524 palantes,
228 1451 295 1522 ⁵qua
321 1469 379 1507 nou
406 1455 556 1526 coegerat,
592 1451 678 1510 sedes
702 1452 860 1508 habebant.
913 1448 982 1517 Seu.

63 1529 212 1616 postquam
239 1543 270 1600 in
294 1540 438 1618 Hispania
457 1519 642 1627 ⁵⁶Hercules,
667 1543 755 1604 sicuti
780 1541 845 1602 Afri
873 1550 979 1616 putant¹

60 1621 175 1706 interiit,
203 1638 349 1693 exercitus
376 1637 449 1712 ejus,
478 1634 655 1711 compositus
677 1656 714 1694 ex
737 1636 826 1694 variis
836 1635 980 1716 gentibus,
1047 1678 1055 1693 .

61 1717 165 1788 amisso
185 1731 269 1799 duce,
286 1749 326 1798 ,ac
342 1731 449 1806 passIm
463 1731 570 1800 multia,
598 1731 653 1789 sibi
677 1707 802 1805 'quicum
830 1729 982 1805 imperium

61 1825 231 1897 petentibus,
242 1824 321 1881 brevi
336 1825 479 1882 dilabitur.
523 1825 620 1882 Exeo
639 1844 759 1882 numero
782 1825 884 1894 'Medi
903 1823 981 1881 ⁹Per-

60 1935 104 1975 sae
130 1928 166 1975 et
192 1918 354 1986 ¹⁰Armenii,
376 1919 497 1980 navibus
522 1919 551 1976 in
565 1919 696 1977 Africam
718 1919 884 1994 transvecti,
899 1937 982 1992 prox-

61 2030 140 2071 umos
153 2021 252 2071 nostro
266 2012 338 2069 mari
353 2011 433 2069 locos
447 2012 652 2088 occupavere.⁴
683 2012 742 2069 sed
756 2013 865 2080 Persae
886 2011 982 2069 llintra

18 2148 19 2155 κ
64 2124 202 2165 oceanum
212 2106 325 2183 magis:
347 2106 424 2180 iique
437 2108 536 2163 alveos
550 2107 667 2164 navium
680 2106 811 2163 inversos
835 2124 887 2181 pro
899 2114 980 2181 tugu-

18 2338 21 2397 l

18 2408 21 2531 l

18 2534 20 2573 l

63 2199 106 2257 riis
115 2202 258 2269 habuere,
272 2200 340 2275 quia
350 2219 444 2274 neque
459 2200 581 2257 materia
594 2200 624 2257 in
638 2200 727 2279 agris,
749 2220 844 2275 neque
862 2201 898 2257 ab
913 2200 981 2257 His·

65 2296 138 2367 panis
153 2294 282 2363 emundi,
297 2303 345 2351 aut
360 2294 489 2351 mutandi
503 2295 588 2370 copia
598 2305 679 2353 erat:
706 2315 788 2355 mare
801 2315 937 2386 magnum
951 2303 981 2351 et

64 2386 160 2464 ignara
173 2389 275 2465 lingua
288 2389 466 2447 commercia
475 2381 673 2463 prohibebantss
715 2390 756 2447 Hi
770 2391 918 2466 paullatim
929 2407 981 2464 per

65 2468 204 2541 connubia
214 2474 357 2541 Gaetulos
370 2483 553 2540 ¹²miscuere:
576 2492 616 2551 et,
630 2484 699 2556 quia
712 2502 802 2559 saepe
816 2485 981 2541 ¹³tentantes

65 2593 155 2653 agros,
166 2577 234 2647 alia,
245 2577 348 2635 deinde
359 2578 419 2634 alia
426 2579 492 2635 loca
499 2565 672 2651 petiverant,
683 2586 776 2633 semet
790 2576 845 2650 ipsi
857 2575 980 2633 “Numi-

66 2668 110 2729 das
124 2670 325 2747 adpellavere.
355 2672 509 2745 ,Ceterum
532 2671 627 2728 adhuc
641 2669 776 2727 aedificia
789 2667 981 2726 Numidarum

66 2766 229 2840 agrestium,
251 2784 325 2840 quae
355 2766 483 2841 mapalia
510 2765 551 2822 illi
577 2773 689 2835 vocant,
722 2765 857 2840 oblonga,
885 2762 980 2819 incur·

18 2842 20 2931 l
67 2856 105 2914 vis
116 2860 256 2917 lateribus
270 2868 349 2917 tecta
362 2860 444 2935 quasi
455 2860 572 2917 navium
585 2859 703 2917 carinae
718 2868 793 2917 sunt.
826 2857 921 2916 Medis
932 2876 981 2914 au-
1070 2916 1075 2925 ,

18 2950 19 2979 ³
67 2956 120 3009 tem
133 2963 162 3011 et
175 2954 312 3011 Armenia
326 2973 481 3011 accessere
497 2953 608 3029 Libyes
632 2951 713 3031 (nam
727 2954 757 3009 hi
771 2954 887 3028 propius
901 2971 982 3010 mare

68 3042 192 3105 Africum
206 3048 373 3124 agitabant3
396 3047 513 3105 Gaetuli
526 3048 600 3105 ¹⁵sub
611 3048 672 3105 sole
681 3047 785 3122 magis,
795 3046 874 3103 haud
882 3046 982 3121 procul

67 3134 119 3196 ¹⁸ab
129 3140 295 3221 ardoribus)
321 3132 428 3217 llhique
456 3150 569 3200 mature
595 3141 703 3217 oppida
726 3142 875 3210 habuere3
904 3160 982 3209 nam,

66 3228 155 3291 ”freto
164 3234 249 3294 divisi
264 3238 301 3293 ab
316 3235 470 3311 Hispania,
484 3244 596 3295 mutare
620 3254 670 3293 res
690 3234 767 3291 inter
795 3232 837 3291 se
852 3234 981 3293 institue·

18 3294 20 3367 l
66 3335 141 3385 rant·
177 3328 295 3387 Nomen
309 3348 408 3387 eorum
419 3329 567 3408 paullatim
578 3329 689 3404 Libyes
702 3346 868 3403 cornupeta,
879 3330 981 3385 barba·

66 3418 204 3497 atingun
212 3422 334 3485 Mauros
344 3442 396 3498 pro
408 3422 505 3481 Medis
514 3423 706 3555 appellantes.
748 3420 980 3483 SodresPersa·
