2259 4050
323 438 327 474 1
360 413 526 471 Sumusrn
545 404 724 471 Juouarrra.
965 411 1008 474 ἃ

66 571 153 647 rique
165 571 298 626 inermes
311 569 429 639 cadunt,
443 569 525 626 multi
540 570 709 644 capiuntur3
732 584 819 625 nemo
828 565 957 623 omnium
964 565 1006 627 iu.

59 656 166 724 tactus
180 664 307 741 profugit
323 685 331 746 ‘7
352 674 382 721 ot
393 665 539 721 Numidae
553 664 643 739 prius,
654 682 741 737 quam
765 680 810 717 ex.
822 660 927 718 castris
940 662 1005 719 sub·

68 749 229 828 veniretur,
257 759 343 816 sicuti
368 759 443 833 jussi
467 768 559 828 erent,
587 759 618 816 in
639 775 796 833 proxumos
809 755 894 814 collis
911 740 1005 814 disce·

71 855 157 912 dunt.⁴

107 947 175 1006 Lu.
192 946 455 1005 InrnamRomae
479 948 618 1024 gaudium
631 948 736 1023 ingens
751 956 855 1015 ortum,
881 946 1005 1023 cognitis

71 1044 186 1101 Metelli
200 1044 306 1099 rebus:
328 1043 369 1098 ¹ut
391 1060 481 1116 seque
496 1043 540 1108 et
568 1042 730 1098 exercitum
757 1060 837 1097 more
861 1042 1026 1115 majorum·

69 1147 203 1214 gereret3
226 1138 256 1193 in
271 1137 394 1194 advorso
407 1137 483 1206 loco,
507 1137 601 1192 victor
622 1145 721 1191 tamea
746 1134 850 1191 virtute
875 1134 1001 1205 fuisset3
1101 1146 1107 1153 ”

69 1233 195 1291 hostiurn
210 1250 281 1307 agro
295 1232 434 1305 potiretur
447 1252 455 1299 3
475 1230 651 1306 Jugurtham
673 1229 863 1305 magnificum
885 1248 922 1285 ex
936 1229 1003 1287 Auli

68 1327 213 1395 secordia,
223 1344 305 1401 spem
314 1326 416 1382 salutis
426 1326 457 1382 in
466 1325 631 1394 solitudine,
644 1324 781 1400 autsuga,
793 1324 943 1400 coegisset
953 1325 1003 1385 ha.

69 1423 149 1479 bere.
193 1420 293 1495 ltaque
308 1430 426 1477 senatus
449 1440 488 1476 on
501 1440 544 1477 aa
558 1439 722 1477 rumorum
732 1438 874 1475 noun-ms
889 1438 1003 1477 muor-

68 1534 198 1575 rfflaus
209 1517 377 1573 'summum
391 1523 596 1573 orcarum:
617 1515 730 1582 civitas,
745 1513 859 1587 trepida
873 1522 961 1569 antea
974 1523 1004 1571 et

69 1613 194 1669 sollicita
223 1612 259 1667 de
273 1612 340 1669 belli
356 1622 472 1680 eventu,
488 1611 566 1667 laeta
581 1628 689 1685 agere:
712 1608 791 1664 fama
818 1608 854 1663 dc
883 1608 1004 1665 Metello

14 1726 20 1737 ·
68 1709 222 1783 praeclara
235 1726 311 1763 esse.
354 1706 446 1782 Igitur
460 1725 496 1763 eo
509 1704 646 1761 intentior
659 1702 858 1760 advictoriam
869 1702 930 1771 niti,
943 1721 1002 1761 om·

68 1802 154 1859 uibus
168 1802 261 1859 modis
273 1802 412 1859 festinare
425 1822 433 1871 3
455 1819 561 1857 cavere
577 1809 685 1869 tamen,
696 1798 803 1855 necubi
812 1799 887 1855 hosti
901 1818 1002 1874 oppor-

68 1907 155 1954 tunus
168 1898 271 1954 fieret:
292 1896 470 1967 meminisse,
482 1906 547 1971 post
557 1895 681 1972 gloriam
691 1894 832 1971 iuvidiam·
842 1895 935 1968 sequi.
959 1894 1003 1954 lu

69 2010 125 2066 quo
140 1993 250 2050 clarior
264 2001 336 2062 erat,
351 2012 387 2049 eo
402 1992 496 2068 magis
508 1991 596 2048 animi
613 1991 716 2047 anxius
733 2010 739 2046 ε
762 2009 869 2064 neque,
880 1998 945 2063 post
960 1990 1002 2048 in.

69 2086 157 2144 sidias
168 2088 341 2164 Jugurtliae,
352 2088 456 2144 ³effuso
471 2087 602 2144 exercitu
613 2085 763 2160 praedari:
786 2085 835 2140 ubi
846 2085 1001 2153 frumento,

71 2194 119 2238 aut
131 2184 238 2258 pabulo
253 2202 325 2258 opus
340 2191 412 2251 erat,
437 2182 574 2237 cohortes
594 2179 753 2239 cumomni
768 2179 896 2253 equitatu
908 2179 1001 2254 ⁴prae.

19 2257 24 2321 Ι
73 2275 173 2334 sidium
189 2278 357 2356 agitabant:
379 2277 525 2334 exercitus
539 2275 656 2350 ⁵partim
667 2275 741 2349 ipse,
753 2273 879 2349 reliquos
891 2274 1002 2332 Marius

19 2324 23 2401 Ι
73 2371 205 2429 ducebat.
249 2372 308 2429 Sed
323 2373 384 2449 igni
394 2372 498 2449 magis,
508 2390 596 2444 quam
606 2369 726 2444 praeda,
737 2388 811 2446 ager
821 2371 999 2428 vastabatur.

20 2456 27 2565 Ι
75 2463 191 2524 Duobus
204 2467 288 2536 locis,
303 2467 380 2523 haud
393 2467 481 2541 louge
495 2466 581 2520 “inter
595 2483 637 2534 se,
653 2473 750 2522 castra
765 2465 931 2521 faciebant:
953 2464 1002 2522 ubi

76 2561 183 2637 riopus
206 2570 278 2631 erat,
302 2562 399 2618 cuncti
424 2561 565 2628 aderant3
590 2567 730 2627 ceterum,
755 2577 811 2632 quo
831 2557 901 2633 suga
915 2568 1001 2632 atque
1029 2622 1031 2626 7

24 2662 28 2677 ¹
77 2656 192 2714 formido
210 2657 303 2716 latius
311 2664 488 2723 crescerent,
508 2653 614 2718 divorsi
631 2654 768 2728 agebant.
811 2651 857 2708 Eo
871 2659 1001 2726 tempore

77 2749 215 2829 iugurtha
238 2757 291 2828 per
318 2751 401 2810 collis
428 2749 531 2824 sequi}
552 2758 677 2828 tempuS,
693 2754 741 2804 aut
763 2748 859 2804 locum
872 2747 1000 2824 'pugnae

78 2864 230 2920 quaerere:
252 2866 309 2921 qua
323 2854 475 2903 venturum
498 2845 611 2901 hostem
639 2843 782 2912 audierat,
810 2843 947 2918 pabulum
972 2852 1001 2902 et

78 2958 208 3015 aquarum
223 2940 319 3011 sontis,
340 2958 463 3014 quorum
477 2938 600 3014 penuria
614 2947 687 3007 erat,
712 2957 918 3013 corrumpere:
941 2957 1000 2997 mo-

25 3096 26 3099 ,
77 3033 154 3094 (lose
179 3036 310 3106 Metello,
333 3035 477 3107 interdum
492 3034 589 3091 Mario
600 3033 773 3091 ostendere:
796 3043 957 3108 postremos
970 3033 1002 3091 in
1055 3032 1064 3039 '

75 3131 185 3211 agmine
199 3139 324 3200 tentare,
336 3149 372 3188 ac
384 3130 481 3188 statim
494 3130 524 3186 in
543 3128 625 3186 collis
640 3128 756 3205 regredi
772 3149 781 3200 ς
803 3147 902 3186 rursus
926 3129 1001 3200 aliis,

70 3235 133 3304 post
146 3226 212 3284 aliis
226 3227 352 3284 minitari
366 3247 373 3297 3
397 3245 493 3301 neque
506 3224 652 3300 praelium
666 3222 777 3293 facere,
802 3243 898 3302 neque
912 3225 1001 3284 otium

69 3321 127 3398 pati
137 3342 145 3391 3
166 3320 367 3378 tantummodo
376 3321 490 3378 hostem
501 3321 538 3376 ab
549 3321 667 3397 incepto
681 3320 820 3378 retinere.

72 3421 77 3431 '
107 3414 189 3476 LVI.
218 3415 372 3473 Romus
393 3415 560 3492 imperator,
580 3416 629 3473 ubi
648 3434 683 3472 se
698 3416 771 3473 dolis
782 3414 900 3492 fatigari
914 3410 1000 3484 videt,

73 3525 163 3587 reque
178 3512 215 3568 ab
230 3512 314 3569 hoste
325 3511 441 3587 copiam
452 3511 601 3589 pugnandi
612 3509 686 3578 fieri,
697 3510 800 3566 urbem
813 3517 1002 3584 magnumst

73 3604 98 3667 'u
111 3623 151 3667 aa
163 3617 258 3684 parte,
274 3625 332 3683 qua
345 3605 403 3665 sita
416 3614 490 3676 erat,
501 3606 613 3662 ⁸urcem
627 3603 721 3682 regni,
737 3601 855 3661 nomine
868 3601 1002 3664 'Zamam
