2259 4050
430 291 595 351 Sisenem
614 288 792 347 Juouernt.
851 372 860 381 ·

124 429 256 525 ”ageret
277 448 307 503 in
321 448 464 521 operibus,
486 445 517 501 in
538 445 653 521 agmine
678 454 763 518 atque
783 441 820 499 ad
833 437 944 513 vigilias
957 432 1046 491 multus

49 553 57 574 ⁸·
67 557 76 581 ”
149 543 252 620 adesse
265 562 273 598 t
294 560 387 614 neque
399 539 523 605 interim,
537 540 611 611 quod
625 557 716 612 prava
730 536 848 594 ambitio
863 532 943 597 solet,
957 542 1045 583 consu·

47 620 80 652 ”“
148 636 194 703 lis,
209 645 258 691 aut
271 636 440 707 cujusquam
454 632 521 689 boni
531 632 640 687 fernam
651 632 768 687 laedere
783 650 790 686 ι
812 622 1047 683 tautummodone·

54 702 81 764 J?
149 747 204 802 que
219 729 347 794 consilio,
362 744 456 798 neque
470 724 568 779 ¹manu
580 724 702 797 priorem
715 724 801 779 alium
817 721 892 795 pati3
915 718 1047 790 plerosque

150 821 328 908 antevenire.
370 819 443 883 Quis
457 819 553 885 rebus,
576 818 666 886 brevi,
682 818 775 872 Mario
800 814 986 941 militibusque
1010 822 1048 858 ca·

50 966 68 997 3,
149 900 286 969 rissumus
300 912 404 967 factus.
1055 907 1080 949 l*

189 1005 312 1061 XCVII.
340 1007 388 1061 An
397 1004 549 1079 Jugurtha,
557 1012 713 1075 postquam
725 1000 860 1073 oppidum
876 934 997 1071 Capsam
1010 991 1057 1047 ali..
1107 1022 1110 1065 3

148 1117 237 1172 osque
249 1100 327 1155 locos
342 1098 464 1154 munitos
479 1106 508 1151 et
521 1096 577 1150 sibi
592 1095 668 1150 utilis
682 1094 776 1160 simul,
791 1102 821 1149 et
821 1108 963 1169 magnam
976 1102 1050 1161 peon-
1108 1118 1109 1181 3

149 1194 227 1250 niam
238 1193 383 1257 amiserat,
398 1189 434 1243 ad
448 1189 600 1245 Bocchum
624 1186 755 1256 nuncios,
766 1179 860 1255 mittit,
877 1194 985 1258 “quam
1006 1178 1051 1255 pri·

149 1300 226 1341 mum
251 1286 281 1339 in
304 1282 469 1339 Numidiam
492 1282 591 1352 copias
616 1281 789 1336 adduceret:
812 1280 914 1354 praelii
941 1271 1052 1334 faciundi

148 1387 261 1450 tempus
281 1374 415 1430 adesse?
456 1370 551 1437 Quem
576 1374 624 1428 ubi
649 1375 778 1429 cunctari
801 1374 926 1448 accepit,
940 1370 1052 1427 ²dubium

148 1471 216 1526 belli
244 1477 327 1542 atque
352 1467 433 1541 pacis
459 1467 586 1523 rationes
609 1468 742 1536 trabero3
767 1487 879 1535 rursus,
905 1467 944 1521 uti
969 1473 1050 1525 antea,
1106 1468 1107 1471 ’

148 1583 301 1638 proxumos
315 1547 396 1619 donis
407 1561 571 1634 corrumpit,
587 1561 697 1634 ipsique
712 1561 816 1621 Mauro
832 1554 982 1637 pollicetur
1003 1556 1053 1612 Nu-

117 1676 121 1685 ’
148 1658 253 1713 midiae
269 1666 378 1729 partem
391 1655 513 1722 tertiam,
524 1655 549 1709 si
564 1664 612 1711 aut
627 1654 748 1711 Romani
761 1656 866 1711 Africa
877 1654 995 1729 expulsi,
1006 1658 1054 1713 ant,

148 1750 268 1823 integris
282 1748 341 1801 suis
356 1748 468 1815 finibus,
479 1748 587 1803 bellum
597 1749 784 1820 compositum
799 1749 887 1805 foret.
930 1749 975 1804 Eo
985 1763 1056 1821 prae·
1108 1734 1111 1828 3¹

45 1896 85 1907 .,
147 1843 205 1898 mio
216 1843 328 1896 illectus
341 1840 487 1907 Bocchus,
501 1859 569 1895 cum
580 1859 686 1915 magna
700 1842 883 1899 multitudine
897 1841 1056 1918 Juguitbam
1110 1839 1111 1845 ’

78 1980 83 1991 .
148 1935 274 1992 accedit'
313 1934 359 1989 Ita
370 1934 519 1989 amborum
533 1933 663 1989 exercitu
678 1935 844 2007 conjuncto,
868 1930 992 2001 Marium
1003 1935 1057 2009 jam

147 2031 177 2088 in
187 2031 307 2087 hiberna
320 2028 563 2104 proficiscentem,
577 2026 635 2083 ³vix
646 2028 760 2086 decima
780 2041 863 2102 parte
885 2033 932 2086 die
948 2031 1055 2102 reliqua,

42 2154 46 2160 ·
147 2125 302 2182 invadunt:
323 2124 377 2179 rati
391 2131 516 2191 noctem,
530 2123 677 2196 quaejam
692 2121 1057 2189 aderat‚iict1ss1b1muui
1110 2131 1111 2136 ’

147 2227 243 2274 mento
257 2218 329 2284 sore,
344 2226 382 2284 et,
397 2217 421 2272 si
436 2216 583 2284 vicissent,
597 2213 686 2272 ‘bullo
700 2216 918 2288 impedimento,
944 2219 1009 2292 quie
1023 2217 1057 2272 lo·
1110 2247 1112 2256 ν

147 2329 247 2367 comm
260 2310 386 2365 scientes
400 2317 499 2377 eraut3
522 2297 622 2364 contra
639 2309 776 2364 Romanis
790 2319 943 2386 utrumque
966 2328 1057 2370 oneum
1108 2312 1113 2354 l

54 2398 58 2402 ’
147 2404 176 2461 in
189 2403 316 2459 tenebris
330 2401 530 2458 difficiliorem.
552 2401 642 2478 Igitur
655 2402 739 2457 simul
754 2406 855 2460 consul
871 2425 909 2462 ex
924 2406 1016 2464 multis
1027 2404 1057 2459 de
1112 2415 1113 2474 ᾗ

127 2497 270 2554 bostium
293 2495 417 2552 adventu
443 2495 640 2571 cognovit„et
668 2495 721 2569 ipsi
736 2496 833 2552 hostes
861 2501 1004 2568 ederant3
1025 2505 1058 2562 et,
1112 2479 1113 2488 ἵ

75 2591 78 2596 ’
146 2591 309 2667 priusquam
323 2589 470 2646 exereitus
484 2598 533 2645 aut
546 2589 657 2656 instrui,
678 2599 726 2645 aut
749 2589 893 2647 ⁵sarcinas
917 2594 1059 2668 colligere,
1113 2647 1114 2664 ἶ

145 2686 267 2759 denique
279 2693 432 2758 antequam
446 2683 570 2758 signum,
585 2691 633 2738 aut
647 2682 798 2756 imperium
822 2685 915 2742 ullum
930 2686 1059 2762 accipere
1113 2677 1114 2684 '

144 2779 251 2852 ‘quivit
266 2777 376 2850 equites
390 2776 492 2832 Mauri·
499 2785 584 2850 atque
599 2775 725 2842 Gaetuli,
740 2795 797 2832 non
807 2777 882 2847 acie,
894 2799 992 2854 neque
1006 2779 1059 2835 ullo

80 2891 83 2897 ·
145 2887 225 2928 more
236 2871 346 2945 praelii,
363 2869 416 2940 sed
436 2871 613 2938 catervatim,
638 2871 678 2927 uti
691 2887 817 2944 quosque
832 2870 894 2928 fors
909 2873 1061 2950 congloba-

145 2973 236 3034 verat,
249 2964 279 3020 in
290 2972 402 3020 nostros
416 2973 609 3034 concurrunt3
631 2963 678 3038 qui
700 2983 804 3022 omnes
830 2967 937 3038 trepidi
962 2969 1063 3040 impro-

53 3116 57 3122 ,
145 3059 305 3125 visumetu,
319 3066 466 3115 notamen
479 3059 590 3115 virtutis
608 3075 762 3126 memores,
787 3068 838 3114 aut
858 3077 943 3117 arma
968 3059 1063 3134 capie-

144 3153 223 3220 bant,
237 3162 287 3231 eut
299 3151 441 3227 capientis
460 3152 534 3221 alios
560 3154 597 3209 ab
610 3152 738 3208 hostibus
757 3151 977 3216 defensabant:
1001 3167 1066 3228 pare

144 3261 233 3319 equos
246 3247 416 3315 escendere,
434 3246 548 3302 obviam
572 3245 614 3301 ire
624 3245 776 3301 hostibus:
798 3231 895 3322 pugna
912 3244 1065 3304 latrocinio

126 3339 247 3414 ,magis
261 3358 346 3412 quam
359 3340 470 3414 praelio
483 3338 584 3394 similis
597 3339 679 3396 fieri:
701 3339 763 3396 sine
774 3339 874 3414 signis,
884 3337 951 3394 sine
963 3337 1068 3396 ordini·

107 3486 114 3492 .
143 3434 198 3490 bus
210 3433 333 3509 'equites
348 3434 460 3508 pedites
473 3436 616 3509 pennixti,
632 3435 755 3491 caedere
769 3435 852 3502 alios,
864 3431 941 3490 alios
952 3434 1068 3490 obtruu·
