2259 4050
159 304 217 366 na
354 264 358 268 -
443 305 607 361 Susam
626 270 803 369 luscam

157 448 293 537 ignem
301 460 486 533 voluptatem,
495 467 524 513 et
533 458 663 532 praemia
671 455 792 515 virtutis.
815 447 1055 534 Atquestianolm

157 552 234 627 apud
248 572 309 619 vos,
324 562 373 608 aut
390 552 419 607 in
440 560 542 607 senatu
562 553 653 607 verba
667 551 785 617 faciunt,
799 548 934 623 pleraque
947 537 1057 597 oration

157 645 284 717 majores
298 662 365 698 suos
383 643 542 699 extollunt:
563 660 665 699 eorum
687 642 773 699 fortia
793 640 872 697 saeta
890 628 1056 693 memorando

158 737 297 793 clariores
318 753 384 791 sese
412 743 529 808 putant3
551 734 627 807 'quod
655 734 766 790 ¹contra
788 743 841 788 est.
883 730 1058 799 quuano

158 829 216 884 vita
229 829 341 883 illorum
355 826 539 899 praeclarior,
554 835 635 887 tanto,
647 827 748 883 horum
757 824 892 881 secordia
901 816 1057 897 flagitiosior.
1077 890 1078 893 Ἰ

159 920 198 977 Et
221 920 351 993 profecto
377 919 418 975 ita
440 938 472 975 se
491 938 539 977 res
559 920 663 976 habet:
684 919 827 992 majorum
841 916 933 992 gloria
945 907 1066 986 bostaris,
1090 943 1099 963 ι

158 1014 256 1069 lumen
281 1023 335 1081 est,
359 1032 453 1086 neque
472 1015 548 1069 bona
572 1030 665 1086 neque
690 1013 772 1069 mala*
790 1012 820 1067 in
835 1009 948 1067 occulto
962 992 1067 1079 patitui,
1107 1002 1108 1081 l

159 1105 290 1181 Huiusce
299 1108 342 1165 rei
357 1126 413 1183 ego
422 1090 549 1180 inopiam
559 1107 660 1181 patior,
675 1105 820 1174 Quiritem
843 1120 942 1159 verum
953 1098 989 1165 id,
999 1092 1061 1169 quod
1102 1081 1108 1199 l

157 1202 246 1257 multo
255 1201 433 1275 praeclarius
447 1209 501 1268 est,
526 1210 652 1257 meamet
675 1200 753 1257 sacta
779 1198 850 1255 mihi
879 1196 975 1253 dicere
994 1191 1061 1247 licet.
1105 1208 1108 1224 ⁶

53 1306 58 1312 '
158 1293 245 1350 Nunc
259 1294 364 1359 videte,
388 1313 474 1366 quam
497 1293 585 1366 iniqui
610 1293 675 1349 sint.
718 1293 803 1357 Quod
818 1310 855 1349 ex
870 1290 965 1347 aliena
976 1284 1062 1341 virtute

158 1386 212 1441 sibi
226 1386 375 1461 adrogant,
400 1387 429 1442 id
452 1386 522 1442 mibi
533 1405 571 1441 ex
592 1404 659 1443 mea
677 1404 734 1441 non
752 1386 934 1442 concedunt:
955 1378 1061 1441 scilicet,

158 1479 225 1553 quia
239 1479 382 1556 imagines
396 1499 454 1537 non
467 1480 572 1547 habeo,
584 1488 613 1536 et
626 1480 693 1553 quia
706 1479 775 1535 mihi
787 1499 865 1536 nova
879 1476 1007 1534 nobilitas
1014 1478 1064 1535 esa

158 1592 244 1645 quam
258 1583 338 1635 certe
354 1574 502 1649 peperisse
517 1574 620 1631 melius
635 1583 687 1642 est,
711 1592 797 1646 quam
813 1558 962 1647 acceptam
985 1580 1066 1623 corru-

158 1666 246 1740 pisse.
288 1668 431 1740 Equidem
444 1688 500 1743 ego
514 1687 572 1724 non
587 1668 696 1744 ignoro,
711 1667 736 1723 si
757 1667 821 1740 jam
846 1664 1016 1740 respondere
1029 1675 1066 1713 ve·

158 1758 219 1826 lint,
234 1760 347 1816 abunde
358 1761 413 1816 illis
425 1762 579 1817 facundam
600 1771 628 1817 et
639 1761 829 1835 compositam
839 1760 997 1817 orationem·
1005 1753 1065 1810 sore.
1105 1765 1110 1898 p

157 1850 227 1906 ³Sed
241 1851 270 1906 in
281 1871 416 1910 maxumo
429 1863 525 1921 vestro
539 1853 693 1921 beneficio,
718 1872 784 1909 oum
803 1852 937 1911 omnibns
950 1849 1018 1907 locis
1030 1861 1067 1901 me

157 1962 263 2016 vosque
277 1945 439 2002 maledictis
453 1946 592 2015 lacerent,
608 1966 664 2003 non
685 1946 793 2020 placuit
819 1949 954 2015 reticere,
968 1962 1003 2000 ne
1017 1938 1070 2013 quis

157 2040 327 2096 modestiam
341 2040 371 2096 in
385 2040 593 2098 conscientiam
608 2041 736 2098 duceret.
778 2042 858 2100 Nam
883 2062 931 2098 me
958 2036 1068 2113 quidem,

157 2133 205 2190 ⁴ex
220 2135 309 2191 animi
323 2135 476 2202 sententia,
490 2136 570 2191 nulla
590 2135 682 2191 oratio
700 2134 817 2192 laedere
833 2145 946 2210 potest:
967 2130 1069 2205 ⁵quippe

76 2294 80 2302 ι
157 2245 227 2284 vera
239 2245 363 2284 neeesse
378 2236 422 2283 est
440 2229 514 2283 bene
529 2229 698 2301 praedicet3
721 2228 824 2284 salsam
848 2231 908 2286 vita
931 2237 1069 2310 moresque
1112 2279 1113 2288 ,

156 2320 214 2376 mei
228 2328 374 2392 superant.
398 2368 403 2376 .
417 2319 485 2386 Sed,
500 2320 635 2391 quoniam
649 2330 746 2376 vestra
760 2321 884 2381 consilia
899 2325 1070 2380 accusantur,
1113 2339 1114 2410 p

156 2413 204 2488 qui
218 2413 287 2469 mihi
298 2429 440 2468 summum
454 2412 602 2482 honorem,
618 2423 646 2470 et
656 2432 821 2490 maxumum
832 2414 1070 2502 negotiumimpo-
1112 2413 1114 2474 l

158 2507 263 2575 mistis,
275 2506 362 2564 etiam
376 2516 460 2580 atque
476 2506 564 2564 etiam
578 2517 717 2581 reputate,
745 2508 857 2564 numid
878 2505 1070 2584 poenitendum
1113 2511 1114 2556 1

156 2600 201 2658 sit.
238 2601 305 2659 Non
319 2620 436 2676 possum
445 2600 513 2657 fidei
524 2619 629 2659 caussa
639 2602 793 2678 imagines,
805 2605 901 2676 neque
913 2601 1070 2674 triumphos·

156 2706 205 2754 aut
219 2697 385 2753 consulatus
395 2695 537 2770 majorum
546 2713 675 2752 meorum
685 2703 846 2764 ostentare;
870 2706 909 2765 at,
922 2697 947 2752 si
959 2713 1008 2754 res
1016 2706 1071 2767 110⁸·

155 2790 234 2856 tulet,
248 2790 367 2858 ‘’hastas,
390 2789 536 2857 vexillum,
564 2788 709 2862 phaleras,
737 2789 796 2846 alia
822 2789 962 2856 militaria
986 2787 1071 2850 dona3

155 2891 317 2966 praeterea,
332 2881 487 2939 cicatrices
502 2881 624 2938 advorso
643 2900 774 2957 corpore.
818 2881 885 2940 Hae
907 2892 975 2940 sunt
996 2891 1073 2942 meae

155 2975 309 3052 imagines,
322 2970 398 3030 haec
412 2973 557 3043 nobilitas,
572 2993 630 3032 non
644 2975 822 3033 haereditate
836 2975 963 3044 ⁷relicta,
987 2970 1075 3031 utillo

154 3068 220 3136 illis,
243 3068 296 3124 sed
323 3085 397 3140 quae
421 3086 478 3144 ego
491 3068 620 3142 plurimis
633 3069 779 3126 laboribus
794 3078 824 3125 et
838 3069 980 3144 perieulis
990 3079 1074 3142 quae·

131 3169 136 3179 “
154 3160 218 3226 sivi,
259 3160 336 3217 ⁸Non
351 3170 417 3218 sunt
431 3162 592 3236 composita
605 3163 694 3217 verba
708 3179 775 3217 mea
791 3183 798 3231 ;
821 3181 925 3236 parum
939 3163 969 3220 id
981 3159 1054 3218 facio
1067 3175 1081 3222 ς,

153 3254 218 3329 ipsa
239 3272 271 3311 se
293 3256 382 3312 virtus
408 3255 478 3312 satis
504 3253 649 3312 ostendit:
669 3253 738 3310 lillis
752 3255 959 3328 artificioopus
973 3263 1027 3322 est,
1040 3245 1076 3305 uti

153 3348 248 3425 turpia
261 3348 340 3406 facta
349 3349 481 3407 oratione
490 3356 601 3422 tegant.
636 3345 761 3420 llNeque
772 3347 883 3405 litteras
892 3348 1031 3408 Graecas
1041 3341 1078 3401 di·

103 3433 107 3438 ’
153 3443 230 3500 dici:
251 3462 351 3519 parum
363 3444 498 3518 placebat
511 3459 564 3497 eas
578 3439 704 3518 discere,
715 3441 819 3516 quippe
839 3459 914 3515 quae
942 3443 981 3502 ad
995 3440 1078 3496 urtu-
