2259 4050
207 350 213 356 .
245 336 272 343 -·
320 298 485 358 smum-11
495 296 677 359 duosam.
907 302 955 363 -71
1022 284 1026 289 ’

33 454 169 525 manibus,
183 453 304 539 immani
318 457 451 526 avaritia,
465 457 684 525 nocentissumi,
698 456 833 532 idemque
857 475 957 534 super·

35 549 166 621 bissumi3
188 550 251 630 quis
265 551 350 621 lides,
364 546 465 622 decus,
487 553 591 627 pietas,
607 562 752 629 postremo
766 554 890 610 beneda
917 563 958 611 at·

35 662 81 718 que
95 644 249 703 inhonesta
262 646 369 713 omnia,
382 648 514 720 quaestui
534 657 611 705 sunt.
653 647 726 703 Pars
749 664 849 703 eorum
870 647 958 704 ¹occi-

36 737 101 795 disse
122 738 255 795 tribunoa
276 740 380 814 plebis,
394 741 444 804 olii
468 742 657 815 quaestiones
681 741 814 815 injustas,
828 741 958 816 plerique

37 833 148 889 caedem
162 833 192 889 in
206 852 258 890 vos
272 833 390 904 secisse,
403 855 455 910 pro
469 836 648 893 munimento
657 837 783 893 habent.v
818 834 959 911 ltaquam

35 927 145 1002 quisque
159 926 307 1002 ¹pessume
322 929 400 998 secit,
424 939 485 988 tam
506 949 643 987 maxume
664 940 741 987 tutus
761 940 829 987 est:
849 940 958 988 metum

36 1024 170 1079 ascelere
181 1042 235 1079 sno
250 1021 287 1082 ad
300 1024 449 1100 ignaviam
456 1035 591 1083 -vestram
601 1026 775 1082 transtulere
786 1045 794 1094 3
816 1043 889 1098 qnos
900 1045 958 1082 om·

35 1118 72 1173 nis
81 1118 187 1175 eadem
198 1137 318 1193 cupere,
333 1120 439 1177 eadem
450 1120 556 1188 odisse,
572 1120 677 1176 eadem
687 1127 819 1175 metuere
830 1120 861 1175 in
872 1138 959 1179 unum
1028 1141 1035 1151 “

36 1213 141 1289 coegit:
171 1213 225 1269 sed
249 1214 326 1269 baec
347 1214 423 1270 inter
446 1216 538 1271 bonos
565 1213 696 1271 amicitia
719 1222 774 1282 est,
797 1212 885 1271 ainter
899 1232 960 1271 ma.

36 1306 70 1362 los
101 1291 203 1365 factio.
256 1307 343 1373 Quod
379 1308 404 1365 si
431 1308 502 1367 ‘tam
531 1308 675 1368 libertatis
708 1326 811 1365 curam
837 1309 960 1367 habere·

36 1401 74 1469 tis,
95 1422 185 1477 quam
207 1402 249 1459 illi
273 1403 311 1459 ad
329 1403 558 1462 dominationem
579 1403 700 1461 accensi
721 1412 788 1460 sunt
803 1425 824 1473 3-
846 1404 961 1478 profec-

36 1503 59 1551 to
86 1516 183 1573 neque
212 1498 409 1574 respublica,
440 1499 526 1555 sicuti
546 1517 635 1566 nunc,
657 1506 829 1565 testaretur,
851 1506 880 1552 et
901 1498 961 1554 ⁵be-

36 1591 136 1650 neficia
165 1600 264 1649 vestre
294 1603 387 1669 penes
412 1593 555 1667 optumos,
587 1610 646 1648 non
668 1590 899 1660 audacissumos,
921 1590 961 1648 so-

35 1698 99 1744 rent.
144 1687 276 1762 Majores
292 1689 392 1757 vestri,
412 1686 545 1763 ⁴⁵parandi
563 1687 638 1761 juris
659 1696 688 1743 et
708 1686 872 1768 majestatis
894 1704 962 1744 con·

11 1841 12 1849 χ
39 1780 197 1838 stituendae
212 1782 316 1858 gratia,
341 1783 396 1853 bis,
419 1802 472 1857 per
482 1783 693 1851 secessionem,
708 1772 812 1839 armati
833 1782 962 1839 ⁷Aventi-

11 1895 12 1942 ᾗ
36 1893 95 1933 num
111 1896 299 1953 occupavere
318 1898 326 1934 ε
347 1898 400 1935 vos
414 1898 467 1953 pro
479 1879 625 1947 libertate,
650 1896 737 1952 quam
751 1879 788 1935 ab
804 1877 862 1935 illis
876 1864 963 1934 acce-

11 1945 13 2035 l
38 1971 122 2044 pistis,
136 1990 196 2032 non
211 1990 324 2052 summa
337 1992 393 2049 ope
407 1972 563 2030 niteminil
585 1982 670 2047 atque
694 1992 730 2030 eo
751 1972 963 2041 vehementius,

37 2065 94 2140 'quo
119 2068 217 2144 majus
242 2068 372 2126 dedecus
393 2079 447 2137 cst,
471 2077 555 2144 parta
569 2066 713 2134 amittere,
737 2086 824 2141 quam
847 2067 964 2146 omnino

12 2182 13 2185 κ
37 2179 87 2218 non
94 2164 269 2240 panasei
286 2163 379 2228 ,nica
389 2163 502 2236 aliquis,
517 2162 596 2228 ouis
606 2161 694 2238 igitur
705 2162 834 2218 consess
854 2161 964 2220 uina.
976 2143 991 2212 .'

12 2252 13 2259 '
38 2260 157 2318 candum
181 2259 213 2316 in
237 2279 300 2329 eos,
328 2259 378 2334 qui
392 2258 467 2316 hosti
481 2257 636 2333 prodidere
649 2257 885 2333 rempublicam:
907 2275 965 2314 non
1051 2244 1054 2250 ’

39 2369 128 2426 nanti,
143 2374 240 2430 neque
252 2355 290 2424 vi,
306 2355 403 2429 ¹⁰quod
414 2353 509 2430 magis
519 2353 639 2421 secisse,
650 2371 739 2428 quam
750 2353 809 2410 illis
820 2352 964 2410 accidisse

39 2446 201 2528 indignum
222 2469 323 2508 verum
337 2448 555 2524 quaestionibus
582 2457 611 2505 et
625 2447 734 2507 indicio
755 2448 846 2523 ipsius
859 2448 965 2522 Jugur·

41 2541 119 2603 lhae:
142 2545 203 2620 qui,
226 2546 252 2602 si
266 2529 423 2602 dediticius·
431 2553 487 2612 est,
502 2542 635 2618 profecto
645 2541 737 2616 jussis
752 2541 857 2598 vestris
868 2540 967 2597 obedi·

41 2655 84 2696 ens
97 2638 176 2700 erite
198 2640 244 2696 sin
268 2659 306 2697 ea
324 2639 500 2708 contemnit,
524 2635 639 2696 scilicet
660 2633 882 2701 existumabitia,
897 2651 967 2706 quia·
1019 2707 1022 2714 1

43 2730 141 2793 lisina
161 2755 230 2812 pax,
251 2744 300 2792 aut
328 2734 446 2804 deditio,
473 2753 513 2791 ex
538 2752 597 2808 qua
624 2731 661 2790 ad
684 2729 861 2807 Jugurtham
875 2727 967 2786 scele-
1021 2727 1022 2732 ’
1119 2757 1121 2764 ·

42 2844 99 2906 mm
110 2830 280 2907 impunitas,
295 2829 333 2886 ad
347 2848 457 2905 paucos
471 2828 596 2904 potentis
610 2842 764 2886 maxumae
786 2811 913 2894 divitiae,
938 2824 970 2882 in

43 2915 250 3000 tcmpnblicam
272 2925 389 2994 damna,
412 2924 560 2982 dedecora
573 2921 771 3000 pervenerint.
814 2917 880 2978 Nisi
895 2920 970 2978 lorte

44 3020 164 3079 nondum
190 3021 281 3080 etiam
304 3040 357 3078 vos
380 3019 585 3078 dominationis
612 3037 714 3076 comm
737 3016 858 3074 satietas
879 3025 970 3082 tenet,

45 3121 68 3166 et
93 3115 155 3186 illa,
183 3135 271 3192 quam
293 3118 370 3174 baec
394 3124 537 3191 tempora,
551 3113 647 3191 magis
668 3113 794 3188 placent,
816 3130 883 3170 cum
905 3129 970 3190 reg-

43 3224 85 3277 at,
106 3211 290 3286 provinciae,
314 3213 407 3289 leges,
426 3211 505 3286 jura,
522 3210 646 3286 judicia,
667 3208 757 3277 bella,
782 3225 882 3284 paces,
907 3228 971 3285 pos·

29 3294 132 3364 'benno
145 3307 245 3368 diviua
257 3316 288 3365 et
301 3308 462 3365 hunuano
513 3307 541 3387 ᾖα
561 3307 654 3382 penes
673 3322 783 3382 paucos
797 3314 898 3373 erant;
920 3319 973 3360 vos

44 3409 149 3472 tutem,
162 3403 219 3462 boc
233 3411 289 3472 est,
303 3402 427 3478 populus
437 3400 483 3458 Ro
513 3420 598 3471 anas,
608 3399 709 3458 invicti
720 3397 757 3456 ab
768 3397 909 3465 hostibus,
919 3397 971 3452 im·

45 3506 192 3564 penteres
202 3499 332 3558 annium
345 3497 487 3575 gentium,
502 3495 574 3554 satis
586 3493 741 3554 habebatis
764 3493 890 3550 animaru
904 3490 971 3548 reti.
