2259 4050
156 420 197 479 0⁰
434 418 599 503 annuam
611 416 792 477 Joaorrnn.
841 406 846 412 ’

156 575 186 633 ln
199 574 340 649 reliquum
354 572 408 629 sibi
422 574 541 643 timoris,
556 561 643 649 quarn
657 574 816 649 potentiae,
841 568 959 628 addidit.
999 566 1070 633 Quae

156 687 204 727 res
218 659 386 742 plerumque
401 686 523 743 magnas
537 668 662 723 civitatis
676 686 794 742 pessum
812 666 892 724 dedit
905 686 912 735 3
936 663 999 720 dum
1012 662 1070 718 alte·

156 762 181 818 ri
196 762 302 817 alteros
314 760 433 817 vincere
448 761 547 835 quovis
561 760 657 828 modo,
682 771 711 817 et
724 761 818 817 victos
834 754 969 816 ¹acerbius
982 752 1071 812 ulcisci

157 856 264 911 volunt.
308 854 376 922 Sed,
391 854 427 910 de
442 854 541 910 studiis
556 858 678 929 partium
693 863 722 910 et
736 855 873 911 omnibus
889 841 1010 909 ciuitatis
1023 868 1070 904 mo·

156 948 268 1005 ribus
246 966 270 1002 s1
285 948 459 1023 singulatim,
473 958 522 1005 aut
537 968 589 1023 pro
599 948 808 1024 magnitudine,
821 967 924 1024 parem
934 946 1071 1007 disserere,

156 1050 280 1116 tempuS,
308 1062 395 1116 quam
416 1062 474 1112 res,
502 1042 641 1101 maturius
655 1042 792 1099 ¹deserat.
837 1040 1031 1107 Quamobrem
1044 1033 1073 1145 ad

157 1136 305 1209 Inceptum
319 1137 418 1194 redeo.

197 1230 307 1287 XLIII.
322 1231 401 1286 Posr
414 1231 481 1286 Auli
504 1230 614 1299 foedus,
643 1230 848 1305 exercitusque
862 1228 953 1287 nostri
973 1222 1073 1283 foedam

158 1322 267 1397 fugam,
292 1324 330 1386 Q.
346 1323 482 1378 Metellus
509 1331 538 1379 et
558 1324 600 1379 M.
617 1324 743 1393 Silanun,
771 1326 911 1381 consules
935 1314 1072 1395 designati.

158 1414 352 1491 [provincias]
378 1416 453 1473 inter
471 1435 504 1473 se
526 1410 735 1491 'paraveruntr
758 1418 937 1493 Metelloque
952 1409 1075 1472 Numidia

158 1519 306 1580 evenerat,
328 1511 389 1567 acri
403 1511 475 1580 viro,
504 1519 533 1567 et
553 1530 727 1585 quamquam
741 1512 879 1570 ³advorso
893 1510 989 1587 populi
1000 1503 1073 1582 parti·

159 1624 215 1674 um,
225 1606 303 1661 sama
312 1616 410 1663 tamen
421 1606 574 1680 ⁴aequabili
589 1616 618 1663 et
628 1606 775 1663 inviolata.
798 1606 830 1666 Is
838 1608 888 1663 ubi
898 1603 1017 1681 primurn
1025 1596 1073 1654 ina-

157 1698 309 1775 gistratum
322 1700 470 1773 ingressus
485 1709 538 1769 est,
560 1700 618 1755 alia
632 1701 730 1757 omnia
750 1701 804 1757 sibi
820 1702 901 1757 ⁵cum
916 1699 1027 1773 collega
1039 1710 1074 1747 ra·
1109 1697 1115 1773 l

157 1800 212 1860 tus,
228 1791 264 1845 ad
275 1792 391 1860 bellum,
406 1793 481 1865 quod
492 1801 625 1867 gesturus
641 1804 712 1863 erat,
723 1795 854 1851 animum
864 1793 994 1851 intendit.
1028 1783 1074 1861 lgi·
1110 1793 1115 1840 l

157 1893 204 1940 tur
217 1884 349 1940 diffidens
362 1886 454 1941 veteri
469 1887 620 1955 exercitui,
645 1888 760 1945 milites*
776 1890 919 1958 scribere,
943 1878 1074 1962 praesidia
1109 1878 1115 1967 f

144 1978 282 2054 'undique
296 1998 464 2039 arcessere:
486 1999 576 2050 arma,
593 1970 661 2051 tela,
674 2001 774 2056 equos,
785 1992 887 2041 cetera
896 1980 1075 2040 instrumenta

158 2074 277 2132 militiae
304 2095 427 2150 parare:
449 2075 563 2132 adhoc
585 2087 777 2133 commeatum
798 2078 935 2135 efl'atim:
967 2071 1077 2140 denique

158 2169 265 2237 omnia,
280 2189 354 2242 quae
368 2171 457 2226 ⁶bello
471 2171 550 2227 vario
565 2180 595 2226 et
607 2173 761 2227 multarum
785 2189 887 2228 rerum
913 2165 1008 2247 egenti
1021 2156 1075 2218 usui

89 2295 93 2301 ·
159 2258 224 2320 esse
238 2264 341 2318 solent.
385 2263 524 2320 Ceterum
537 2265 585 2320 ⁷ad
600 2283 637 2320 ea
653 2263 794 2339 patranda
808 2267 905 2329 senati
921 2257 1076 2322 auctoritate

158 2356 230 2413 socii
254 2374 416 2430 nomenque
441 2355 588 2426 Latinum,
616 2376 703 2434 reges
726 2358 800 2413 ultro
824 2361 937 2418 auxilia
955 2355 1074 2414 mitteret

158 2454 303 2526 postremo
326 2450 419 2507 omnis
438 2451 539 2508 civitas
560 2470 673 2510 summo
687 2452 780 2510 studio
795 2453 987 2511 adnitebatur.
1027 2442 1074 2499 Ita-

157 2564 224 2620 que,
235 2565 271 2602 ex
286 2546 430 2602 sententia
442 2547 575 2604 omnibus
589 2549 676 2604 rebus
690 2548 800 2622 peratis
809 2547 1038 2624 compositisque,
1048 2535 1073 2590 ln

132 2642 135 2645 ’
157 2640 326 2698 Numidiam
340 2640 540 2716 proficiscitur,
555 2661 664 2717 mngna
678 2661 728 2716 spe
745 2643 862 2712 civium,
887 2661 956 2699 cum
970 2640 1076 2714 propter
1114 2649 1115 2726 p

157 2736 249 2820 bonas
260 2736 340 2803 artis,
354 2744 415 2791 tum
426 2754 571 2802 maxume,
582 2735 658 2808 quod
668 2736 818 2791 advorsum
831 2736 946 2792 divitias
957 2731 1074 2790 animum
1114 2727 1115 2736 ’

157 2828 295 2885 invictum
309 2829 451 2902 gerebat,
473 2835 503 2882 et
517 2828 641 2884 avaritia
654 2829 876 2904 magistratuum
891 2825 1074 2886 anteidtem·
1114 2869 1115 2882 .

157 2922 263 3006 pusio
276 2919 414 2977 Numidia
436 2928 553 2978 nostrae
568 2940 640 2997 opes
653 2931 802 2992 contusae,
806 2923 1000 3024 hostiumque
1014 2927 1075 2972 auc·
1114 2885 1115 2968 l

157 3024 312 3074 merant
373 2993 452 3063 :lpj'
505 3016 553 3059 ‘t
628 3008 737 3065 ””.“,
812 3015 847 3040 ”
913 3005 958 3066 κί’
976 3037 1045 3072 μ,
1089 3027 1115 3074 *A

197 3109 305 3166 XLIV.
321 3108 394 3178 San,
408 3109 478 3166 ubi'
470 3129 501 3167 ιιι
514 3077 646 3196 Africam
660 3111 747 3180 venit,
762 3112 909 3171 exercitus
922 3129 951 3168 er
943 3101 1076 3164 'traditur
1114 3137 1115 3164 1

157 3201 219 3280 'sp
234 3203 333 3260 Albini
347 3206 573 3279 proconsule,
565 3225 653 3274 mers,
682 3205 816 3275 imbellis,
844 3188 1074 3281 nequepericull
1099 3193 1115 3240 ι’

157 3316 252 3373 neque
266 3298 373 3355 laboris
383 3299 506 3374 patiens,
515 3300 626 3376 lingua,
637 3317 723 3374 quam
734 3318 831 3369 manu,
841 3299 990 3376 promtior,
999 3301 1075 3367 prae·

158 3393 241 3452 dator
254 3411 291 3451 ex
301 3393 399 3463 sociis,
413 3401 443 3450 et
455 3393 519 3470 ipse
533 3393 644 3468 praeda
662 3393 796 3463 hostium,
821 3395 895 3452 ⁰sine
917 3383 1038 3466 imperio
1050 3382 1077 3433 et
1114 3437 1115 3470 ,

158 3489 300 3548 modestia
309 3488 436 3546 habitus.
478 3488 544 3546 Ita
536 3488 704 3564 imperatori
715 3507 790 3547 novo
804 3490 868 3566 plus
882 3509 920 3547 ex
930 3481 1014 3544 matis
1021 3490 1077 3533 ¹1¹⁰·

159 3583 239 3643 ribus
247 3583 459 3654 sollicitudinis,
469 3601 556 3657 quam
566 3601 604 3640 ex
615 3583 701 3690 copia
710 3584 830 3642 militum
841 3581 951 3651 auxilii,
963 3581 1011 3634 81¹¹
1018 3579 1076 3645 βΡθι
1114 3577 1115 3636 3
