2259 4050
343 311 345 322 ·
393 275 557 333 Sinnosrrr
578 273 747 336 cinam.
1010 273 1032 333 3

93 447 194 507 nequo
208 429 306 488 animo
315 431 439 508 accipit3
462 395 560 507 'supra
573 451 620 502 ea,
634 431 723 490 veluti
738 430 817 500 ficta,
831 405 973 506 profulsis
980 429 1031 492 dtr·

91 525 149 584 cil.
186 524 247 583 Sed
258 545 315 602 ego
324 527 568 597 adolescentulus,
579 528 669 598 initio,
679 528 763 585 sicuti
777 527 917 601 plerique,
927 527 1032 586 ²studio

93 613 360 696 adiempublicam
375 622 450 679 letus
463 641 549 693 sum3
573 622 680 698 libique
705 622 775 679 mibi
795 622 921 680 advorsa
943 621 1034 679 multa

1 711 2 718 '
94 715 193 774 mere.
235 715 388 792 ⁴Nampro
410 717 530 792 pudore,
558 737 611 792 pro
630 718 817 786 abstinentia,
846 736 898 792 pro
917 716 1032 785 virtue,

93 811 233 881 audacia,
248 812 372 887 largitio,
382 812 505 870 avaritia
516 813 663 888 vigebant.
694 813 780 878 Quae
790 812 906 871 tametsi
918 812 1032 871 animus

92 909 318 984 aspernabatur
318 889 481 965 ”insolens
506 895 648 965 inalarum
669 908 797 978 artium3
824 918 933 978 tamen,
956 908 1032 966 inter

1 1031 2 1040 ¹
92 1011 180 1061 tanta
192 1001 271 1071 vitia,
282 1002 431 1060 imbecilla
445 1013 527 1060 aetas
542 1003 699 1070 ambitione
713 1014 849 1078 corrupta
862 1005 1031 1062 tenebatur·

94 1115 135 1154 ac
155 1115 214 1167 me,
239 1115 306 1154 curn
329 1100 366 1154 ab
390 1098 578 1173 lreliquorum
592 1098 676 1155 malis
690 1099 818 1156 moribus
837 1097 1031 1169 dissentirem,

93 1191 190 1250 nihilo
212 1193 307 1248 minus
321 1193 439 1249 honoris
454 1192 561 1268 cupido
585 1192 703 1262 eadem,
722 1211 798 1268 quae
813 1200 938 1262 ceteros,
953 1191 1033 1251 sarna

1 1313 2 1328 1
97 1295 187 1361 alque
202 1286 310 1342 invidia
325 1286 458 1344 vexabat.

137 1379 191 1438 IV.
207 1379 327 1462 iuratur,
343 1382 392 1437 ubi
407 1381 520 1439 animus
534 1400 572 1439 ex
586 1382 694 1460 ⁷multiq
707 1383 834 1441 miseriis
856 1393 941 1460 atque
956 1383 1032 1461 peri·
1097 1371 1101 1379 ¹

96 1475 174 1533 culis
187 1475 338 1549 requievit,
354 1477 463 1533 etmihi
479 1478 621 1552 reliquam
633 1488 761 1536 aetatem
774 1499 793 1537 a
806 1480 957 1554 republica
968 1498 1031 1556 pro·

1 1641 2 1654 χ
99 1567 149 1628 cul
163 1570 329 1628 habendam
345 1570 473 1641 decrevi,
487 1591 545 1628 non
560 1572 615 1629 luit
628 1573 792 1642 consilium,
801 1572 937 1630 secordia
945 1582 1033 1647 atque

97 1665 212 1722 desidia
225 1666 342 1723 8bonurn
361 1662 452 1722 otium
471 1675 625 1724 conterere
641 1687 650 1737 3
671 1673 969 1744 nequd'veroagrum
983 1685 1032 1726 ce-

1 1751 2 1772 *
97 1759 194 1830 londo,
210 1770 259 1817 aut
272 1760 415 1830 venando,
434 1761 598 1820 ”servilibus
611 1761 717 1820 officiis
730 1761 881 1832 intentum,
905 1771 1033 1820 aetatem

1 1879 2 1924 p
96 1873 189 1932 agere
199 1845 213 1911 ⁸=
235 1857 297 1925 sed,
312 1862 401 1931 a'quo
414 1857 530 1933 incepto
543 1857 659 1914 ¹⁰studio
674 1876 720 1914 mo
735 1856 854 1914 ambitio
868 1859 946 1914 mala
960 1856 1032 1916 deti·

97 1959 211 2020 uueral,
223 1950 327 2008 eodem
340 1970 502 2027 regressus,
517 1952 603 2008 stabii
617 1971 667 2006 res
679 1961 780 2027 gestas
793 1951 892 2026 populi
905 1949 1033 2008 Romani

96 2027 251 2120 “carptim
266 2054 296 2101 ut
314 2064 446 2120 quaeque
461 2046 602 2102 memoria
613 2045 703 2121 digna
712 2044 894 2113 videbantur,
908 2047 1047 2119 peracri:

96 2140 169 2198 bere
183 2160 199 2196 ε,
209 2159 249 2211 ρο
262 2140 365 2217 magis,
377 2140 452 2214 quod
467 2140 537 2196 mihi
549 2158 644 2213 a-spe,
657 2148 745 2207 motu,
759 2138 909 2214 ¹'partibus
917 2138 1032 2216 reipub.
1050 2205 1054 2212 ἱ

96 2234 176 2293 liene
187 2218 303 2299 =animus
312 2236 386 2293 liber
400 2243 472 2292 erat.
507 2232 600 2311 igitur
610 2233 647 2291 de
659 2232 805 2292 Catilinae
820 2235 1032 2310 conjuratione,

1 2332 2 2401 ἶ
95 2349 185 2407 quam
199 2331 360 2389 verissume
375 2340 485 2405 potero,
500 2328 623 2405 ¹³paucis
637 2330 787 2387 absolvam
803 2349 811 2386 ε
833 2349 901 2387 nam
916 2330 945 2388 id
960 2331 1032 2389 saci.

1 2406 2 2424 l
97 2444 153 2486 nus
166 2426 196 2485 in
210 2426 311 2502 primis
334 2446 390 2503 ego
404 2426 596 2482 memorabile
619 2425 773 2493 existumo,
798 2426 922 2483 sceleris
946 2437 1032 2503 atque
1071 2424 1073 2429 ’

1 2508 2 2585 ᾗ
98 2522 221 2599 periculi
236 2522 372 2579 novitate.
408 2520 455 2579 De
467 2520 551 2594 cujus
566 2520 692 2575 hominis
705 2520 833 2585 moribus
847 2539 942 2595 pauca
952 2522 1033 2598 prius

98 2616 285 2693 explananda
299 2627 373 2686 sunt,
388 2634 474 2691 quam
484 2614 597 2672 initium
612 2614 748 2670 narrandi
762 2614 880 2671 faciam.

115 2708 118 2713 ’
139 2711 177 2769 V.
193 2700 309 2782 Locrus
322 2711 488 2781 Carinum,
500 2710 610 2768 ¹·⁴nobili
621 2726 732 2787 genere
742 2716 837 2778 natus,
848 2728 957 2787 magna
966 2710 1034 2769 viat

1 2802 2 2813 ³
98 2806 188 2867 animi
203 2817 232 2865 et
246 2806 385 2891 corporis,
400 2806 472 2863 ¹⁵sed
487 2806 606 2882 ingenio
621 2805 698 2863 malo
712 2823 868 2881 pravoque.
905 2805 1033 2865 Huicab
1073 2816 1076 2821 ’

99 2900 322 2960 ¹‘adolescentia
335 2903 414 2958 bella
429 2900 575 2971 intestina,
591 2892 711 2970 caedes,
733 2900 865 2975 rapinae,
887 2901 1034 2961 discordia
1089 2916 1093 2922 '

99 2994 203 3064 civilis,
218 3006 304 3073 grata
318 2997 401 3054 fuere
418 3016 426 3066 3
461 2996 579 3077 ¹7ibique
596 2997 778 3071 juventutem
792 3014 875 3052 suam
888 2997 1031 3055 exercuit.

99 3090 215 3168 Corpus
226 3091 360 3165 “patiens
373 3091 497 3159 inediae,
508 3088 637 3165 vigiliae,
648 3091 767 3165 algoris,
779 3109 867 3169 supra
877 3110 963 3165 quam
973 3087 1033 3150 cui-

99 3202 155 3262 que
169 3186 312 3244 credibile
327 3194 391 3241 est:
413 3184 527 3241 animus
537 3186 643 3252 audax,
655 3183 801 3253 subdolus,
813 3184 1033 3263 ''variuscujur
1059 3188 1063 3198 “

97 3280 142 3339 rei
156 3280 227 3339 libet
240 3280 413 3337 ”sinulator
428 3294 464 3332 ac
478 3276 674 3343 dissimulator
689 3298 697 3334 ε
719 3278 808 3335 alieni
822 3292 973 3355 appetens,
987 3281 1032 3339 sui

99 3374 244 3451 profusus,
260 3374 367 3431 ardens
379 3372 410 3427 iu
425 3371 629 3444 cupiditatibus
644 3392 652 3429 r
672 3372 765 3429 ”satis
788 3372 962 3447 loquentiee,
984 3392 1032 3433 sa·

100 3468 227 3547 pientiae
238 3487 351 3545 parum.
373 3465 501 3522 ”vastus
510 3467 624 3524 animus
632 3467 832 3544 immoderata,
839 3467 1032 3541 incredibilia,
