2259 4050
26 289 284 531 pm
350 296 523 368 ‚Summam
535 299 715 360 Joeuam.
954 309 994 368 0³

109 449 171 510 XX.
193 450 371 523 Possem,
385 472 477 531 regno
490 456 592 526 diviso,
605 458 695 534 legati
708 426 811 516 Africa
820 459 993 533 discessere,

10 613 11 620 ἵ
73 553 100 602 et
123 544 268 623 Jugurtlia
294 557 395 605 contra
421 550 552 607 timorem
585 552 674 608 animi
700 554 840 627 'praemia
874 556 1016 616 sceleris-

73 638 202 715 adeptum
216 659 282 698 sese
297 642 375 700 videt
388 643 402 714 ';¹
418 653 529 700 eertum
551 655 640 715 ratus,
659 646 734 720 quod
753 666 790 705 ex
804 647 906 704 amicis
920 649 996 724 apud

73 733 255 792 Numantiam
266 747 433 811 acceperat,
443 739 540 796 omnia
554 739 666 798 Romae
691 742 806 798 venalia
819 761 896 812 esee,
911 743 996 800 simul

73 837 98 884 et
110 829 223 887 illorum
237 832 489 906 pollicitationibus
503 853 658 905 accensus,
672 855 743 910 ques
753 839 849 912 paullo
858 848 925 894 ante
934 855 995 896 mu·

72 925 184 983 neribus
208 915 384 1001 expleverat,
403 927 433 984 in
454 948 578 1006 regnum
599 918 773 988 Adherbalis
795 933 933 990 ²animum
954 934 996 992 in.

71 1019 165 1078 tendit.
209 1021 283 1098 Ipse
298 1041 376 1092 acer,
390 1024 545 1082 bellicosus
561 1046 569 1082 z
591 1034 621 1080 at
643 1009 789 1100 ie,'³quem
797 1030 923 1102 petebat,
936 1029 997 1104 qni.

10 1121 12 1190 ξ
72 1124 139 1185 etus,
154 1115 291 1186 imbellis,
305 1117 421 1192 placido
448 1118 576 1194 ingenio,
590 1119 776 1195 ⁴opportunus
790 1108 923 1195 injuriae,
937 1143 996 1181 me·
1056 1112 1077 1181 ζ

10 1241 12 1260 s
71 1219 149 1268 tuens
160 1213 267 1288 magia,
282 1231 371 1287 quam,
382 1215 564 1271 metuendus,
606 1213 699 1291 Igitur
709 1234 747 1272 ex
756 1215 921 1291 improviso,
932 1217 998 1275 finis
1060 1268 1063 1276 .

9 1305 11 1360 ὲ
71 1306 127 1381 ejus
139 1326 208 1364 eum
219 1327 326 1384 magna
337 1327 423 1365 manu
434 1308 547 1378 invasit,
559 1310 663 1366 multos
673 1311 802 1368 mortalis
813 1330 880 1368 eum
890 1331 997 1387 pecore
1015 1331 1019 1340 ·

9 1389 11 1418 ³
69 1412 152 1478 atque
167 1403 226 1477 elie
239 1403 349 1478 praeda
362 1403 449 1479 capit,
464 1404 600 1460 aedificia
625 1405 764 1474 incendit,
779 1406 918 1481 pleiaque
931 1409 1000 1465 loce

69 1495 209 1558 hostiliter
223 1517 290 1556 cum
310 1498 437 1574 equitatu
462 1500 595 1568 aceedit3
617 1499 685 1555 dein
704 1517 771 1554 cum
785 1502 862 1558 omni
875 1502 999 1558 multitu.

69 1593 126 1652 dine
149 1594 179 1652 in
193 1613 315 1671 regnum
329 1613 413 1668 suum
436 1594 588 1661 convertit,
603 1593 781 1651 existumans
801 1592 910 1652 ⁵dolore
935 1615 999 1671 per·
1055 1675 1060 1680 ι

69 1701 177 1748 motum
201 1690 400 1754 Adherbalem
424 1688 557 1764 injuriae'
570 1707 639 1744 suas
663 1707 750 1744 manu
777 1689 998 1760 vindicaturum,
1024 1768 1027 1775 1

70 1803 191 1860 eamque
206 1804 269 1842 rem
282 1784 352 1842 belli
366 1803 501 1842 caussam
516 1783 590 1840 fore.
633 1785 672 1842 At
685 1784 744 1854 ille,
759 1784 832 1859 quod
847 1805 943 1861 neque
967 1806 1000 1844 ee

69 1899 169 1957 parem
184 1881 274 1938 armis
285 1881 489 1949 existumabat,
505 1889 533 1937 et
544 1879 676 1937 amicitia
689 1881 785 1956 populi
800 1880 925 1938 Romani
940 1901 1000 1940 ma·
1068 1881 1074 1888 ’

68 1979 109 2056 gis
127 1996 221 2055 quam
235 1975 370 2035 Numidis
385 1975 475 2035 fretus
496 1973 570 2047 erat,
584 1977 698 2053 legatos
719 1963 757 2032 ad
778 1975 951 2052 Jugurtbam
965 1977 1001 2036 de

70 2074 182 2152 injuriis
196 2084 329 2150 questum
356 2072 453 2129 misit:
475 2073 524 2147 qui
548 2072 665 2130 tametsi
693 2071 903 2127 contumeliosa
923 2071 1003 2129 dicta

70 2173 237 2239 retulerant,
270 2168 349 2245 prius
383 2177 483 2239 tamen
520 2167 619 2223 omnia
653 2165 712 2241 pati
747 2164 886 2237 decrevit,
916 2185 1003 2242 quam

71 2266 340 2335 bellum'lsumere3
362 2264 441 2338 ⁷quia
463 2271 607 2320 tentatum
632 2272 724 2319 antea
747 2282 835 2321 secus
859 2277 1001 2327 cesserat.

10 2410 12 2437 ς
72 2360 173 2439 Neque
209 2369 308 2417 tamen
335 2378 372 2417 eo
397 2358 493 2435 magis
521 2358 626 2434 cupido
657 2359 824 2434 iugurthae,
856 2364 1003 2421 minueba.

10 2440 11 2461 ³
72 2468 135 2518 tur:
159 2459 267 2534 quippe
282 2457 330 2532 qu'i
343 2464 434 2513 totum
444 2454 507 2530 ejus
518 2472 643 2530 regnum
653 2453 760 2511 ³animo
770 2456 834 2529 jam
845 2458 1001 2517 invaserat.
1029 2488 1035 2505 ι

11 2568 15 2580 “
73 2552 169 2632 ltaque
185 2573 254 2623 non,
268 2563 300 2610 ut
313 2562 408 2621 antea,
424 2569 491 2607 eum
515 2548 699 2623 praedatoria
719 2568 816 2617 manu,
831 2551 883 2620 sed
897 2571 1003 2628 magno
1017 2598 1031 2617 X

10 2663 13 2698 ἰ
74 2652 202 2715 exercitu
218 2657 395 2725 comparato,
410 2646 518 2704 bellum
533 2662 637 2721 gerere
653 2642 758 2717 coepit,
773 2652 803 2701 et
817 2654 926 2718 aperte
940 2646 1003 2703 toti.

74 2762 104 2803 ue
117 2746 276 2806 Numidiae
290 2742 443 2820 imperium
462 2751 574 2818 petere.
617 2738 768 2806 Ceterum,
781 2757 839 2812 qua
852 2742 1003 2817 pergebat,

74 2842 161 2913 urbis,
177 2860 265 2918 egros
278 2848 405 2909 vastare,
419 2836 544 2913 praedas
559 2854 649 2911 agere
663 2855 671 2906 3
683 2834 747 2891 suis
767 2834 904 2906 animum,
914 2849 1004 2897 terre·

75 2952 134 2995 rem
147 2936 279 2997 hostibus
293 2952 413 3011 augere.
735 2991 738 2996 ,

112 3030 193 3091 XXI.
216 3030 392 3089 Aeneam.
405 3028 455 3085 ubi
468 3024 620 3103 intellegit,
635 3044 671 3083 ee
685 3020 865 3101 processum,
886 3028 927 3087 uti
940 3048 1006 3111 reg.

8 3172 10 3181 ,
75 3142 143 3185 num
156 3137 206 3185 aut
213 3126 434 3201 relinquendum
443 3132 531 3192 esset,
542 3131 590 3179 aut
599 3120 688 3179 arnis
701 3121 894 3194 retinendum,
902 3144 1007 3185 neees-

76 3222 153 3279 sarie
166 3222 270 3299 copias
282 3230 376 3298 parat,
390 3229 419 3277 et
432 3217 596 3296 iugurthae
616 3217 718 3275 obvius
731 3218 873 3292 procedit.
915 3220 1007 3281 Inter.

76 3315 115 3395 itu
128 3317 207 3378 hand
221 3317 309 3394 longe
323 3336 342 3373 a
355 3315 438 3385 mari,
452 3333 542 3391 prope
557 3312 682 3372 ⁹Cirtam
700 3313 845 3390 oppidum,
860 3315 1007 3389 utriusque

76 3413 209 3471 consedit
224 3412 370 3470 exereitus
385 3432 393 3468 ε
415 3420 454 3480 et,
468 3410 536 3484 quia
549 3409 617 3465 ¹⁰die
632 3418 795 3467 extremum
817 3418 889 3477 erat,
903 3407 1007 3481 praeli·

77 3520 126 3563 nm
153 3524 211 3567 non
238 3508 395 3585 inceptum.
452 3505 511 3565 Ubi
538 3504 709 3581 plerumque
735 3502 829 3561 noetis
855 3500 1009 3577 procudi,
