2259 4050
169 332 207 390 10
460 332 624 390 Baranam
643 329 840 389 carmus

183 483 262 546 XVI.
279 485 353 544 'San
358 485 546 560 juventutem,
558 505 654 561 quam,
666 495 792 559 utsupra
801 481 933 547 diximus,
944 477 1075 541 illexerat,

162 579 258 636 multis
271 580 362 636 modis
376 580 453 636 mala
465 579 597 636 facinora
607 579 758 636 edocebat.
800 575 848 632 Ex
861 571 918 631 illis
928 581 1014 629 testes
1024 567 1075 643 sig·

163 682 333 746 actoresque
348 672 436 728 salsos
450 673 661 742 ²oommodare3
682 671 789 738 ³tidem,
803 669 941 735 fortunas,
956 660 1076 740 periens

161 765 233 822 'vilia
242 764 349 821 habere
365 786 373 834 ;
402 775 474 839 post,
484 767 543 822 ⁴ubi
558 784 657 822 eorum
668 756 774 821 samam
788 772 873 836 atque
888 761 1023 836 pudorem
1038 765 1073 812 at·

126 895 139 936 'o
160 858 287 926 triverat,
302 859 412 932 majora
427 859 484 914 alia
497 859 680 933 imperabat:
700 857 726 913 si
754 875 859 913 caussa
885 851 1025 929 peccandi
1047 849 1074 906 in

124 940 138 1030 3
160 969 299 1024 praesens
313 951 406 1008 minus
421 953 610 1026 suppetebat3
630 950 719 1007 nihilo
732 950 826 1005 minus
839 949 986 1014 ⁵insontes,
997 941 1073 1000 sicuti

156 1041 268 1113 sontes,
281 1043 511 1113 ‘circumvenire
528 1045 685 1122 jugularet
707 1044 840 1132 pollicet,
864 1060 902 1098 ne
929 1058 980 1116 per
992 1037 1072 1095 otium

160 1147 359 1212 torpescerent
371 1139 485 1194 ⁷manus
499 1147 547 1194 aut
561 1138 682 1206 animm,
708 1136 842 1212 'gratuito
868 1136 962 1209 potius
988 1131 1073 1189 malm

157 1240 242 1305 atque
251 1232 376 1288 crudelis
386 1242 467 1292 erat„
481 1232 536 1288 His
546 1232 647 1287 amicis
655 1230 798 1303 sociisque
807 1230 935 1286 confisus
945 1226 1072 1291 Catilina,

33 1385 37 1390 ,
158 1323 242 1380 simul
264 1323 349 1397 'quod
371 1342 422 1380 aes
446 1324 571 1379 alienum
595 1343 649 1397 per
666 1324 760 1379 omnis
773 1332 866 1378 terras
889 1323 1071 1398 ingesserat,
1120 1370 1121 1379 ,

156 1425 185 1473 et
199 1415 274 1490 quod
288 1417 414 1491 plerique
430 1416 539 1472 Sullani
553 1417 668 1485 milites,
681 1415 790 1490 largius
800 1433 853 1471 suo
866 1417 921 1485 usi',
944 1413 1070 1489 ¹’rupina
1120 1410 1121 1459 l

156 1528 220 1567 rum
235 1519 264 1567 et
276 1510 414 1567 victoriae
428 1510 534 1574 veteris
548 1524 701 1578 memores,
715 1509 801 1565 civile
816 1510 924 1566 bellum
938 1510 1069 1583 nexopto·
1120 1552 1121 1559 ,

155 1606 239 1674 bant,
254 1604 480 1680 “opprimundae
490 1604 666 1679 reipublicae
675 1602 827 1676 consilium
837 1604 925 1678 cepit.
948 1603 981 1660 ln
992 1599 1071 1659 ltalia

155 1697 249 1754 nullus
264 1697 426 1754 exercitus:
459 1696 514 1754 Cn.
530 1697 684 1771 Pompeius
703 1697 733 1752 in
748 1697 885 1752 extremis
898 1697 1003 1753 1³terris
1015 1693 1071 1751 bel·

153 1791 211 1848 lum
225 1791 367 1867 gerebat:
389 1790 444 1865 ipsi
466 1790 666 1846 ¹⁴consulatum
680 1789 795 1864 petundi
816 1809 926 1867 magna
943 1809 1034 1866 spes:
1052 1785 1071 1818 ¹¹

153 1891 270 1942 senatus
284 1883 354 1954 nihil
369 1903 439 1940 sane
454 1869 579 1940 intentus
594 1903 601 1940 ε
622 1893 700 1942 tutae
713 1883 942 1961 tranquillaeque
956 1905 1005 1943 res
1014 1903 1068 1942 om·

157 1997 230 2039 nes:
252 1978 303 2061 sad
318 1996 353 2036 ea
369 1996 484 2054 prorsus
497 1986 657 2053 opportuna
671 1977 824 2035 Catilinae.

177 2073 271 2132 XVII.
288 2071 397 2131 Iernos
406 2072 521 2129 circiter
529 2072 699 2129 ¹⁰Kalendas
709 2072 821 2140 Junias,
831 2070 890 2129 ¹⁷1..
902 2073 1032 2131 Caesare
1041 2078 1069 2129 et

155 2167 213 2224 ¹⁰0.
228 2168 331 2243 Figulo
345 2167 519 2237 consulibus,
533 2166 625 2241 primo
639 2166 767 2242 singulos
778 2164 942 2238 adpellare:
964 2163 1067 2225 hortasi

150 2261 233 2330 alios,
244 2259 337 2317 ¹⁹alios
350 2258 479 2316 tentare:
501 2278 572 2333 opes
586 2278 662 2327 suas,
673 2259 842 2334 imparatam
851 2262 1065 2334 rempublicam,

149 2373 257 2431 magna
270 2353 399 2429 praemia
412 2352 619 2427 conjurationis
631 2352 747 2409 docere.
770 2350 827 2408 Ubi
839 2352 909 2407 satis
920 2357 1067 2430 explorata

146 2458 221 2517 sunt,
234 2466 307 2521 quae
321 2447 418 2515 voluit,
431 2447 462 2502 in
475 2463 563 2503 unum
576 2446 669 2504 omnis
682 2453 832 2513 convocat,
851 2443 977 2519 ”quibus
989 2466 1066 2506 max·
1119 2515 1120 2518 Ἴ

146 2561 214 2601 uma
226 2541 419 2610 necessitudo,
433 2550 462 2597 et
476 2540 627 2614 plurimum
639 2540 802 2597 audaciae-²
830 2537 877 2595 Eo
890 2558 1065 2610 convenere,
1119 2523 1120 2592 Ῑ

143 2638 300 2695 ”senatorii
314 2636 430 2704 ordinis,
444 2634 497 2691 ²²1².
511 2633 652 2691 Lentulus
662 2634 747 2700 Sura,
759 2632 814 2687 ²³1².
829 2632 997 2706 Autronius,
1007 2635 1064 2694 ⁸²11.

145 2732 265 2789 cassus
276 2730 435 2805 nonanus,
453 2727 512 2783 ⁸⁵0.
525 2726 684 2801 cenem,
701 2724 756 2782 ψ.
778 2733 808 2781 a
826 2725 1065 2797 aninsulae,
1119 2715 1120 2732 ³

143 2824 237 2883 servs
255 2822 316 2892 siit,
337 2821 396 2878 aa.
416 2819 621 2895 Vargunteius,
644 2818 703 2884 ¹o,
723 2818 845 2889 sunus,
865 2806 1069 2881 ”triponiae
1119 2849 1120 2894 ,

142 2917 253 2987 Laeca,
263 2917 320 2974 ³⁰L.
333 2916 442 2984 Bestia,
452 2913 512 2978 ³¹Q.
526 2912 652 2970 Curiusr
670 2923 824 2988 praeterea
833 2932 871 2971 ex
880 2918 1011 2987 equestri
1020 2936 1065 2977 or.

141 3011 219 3083 dine,
238 3011 301 3068 ²³M.
317 3009 434 3067 Fulvius
445 3008 586 3076 Nobilior,
608 3005 666 3064 ”Ia
690 3008 828 3077 Statilius,
849 3006 903 3064 ³⁴1³.
920 3008 1065 3069 Gabinius
1119 3003 1120 3040 ³

141 3104 255 3181 Capito,
269 3105 326 3161 ³⁵0.
344 3102 516 3160 Cornelius:
538 3102 575 3157 ad
589 3101 645 3158 boc
660 3102 738 3158 multi
751 3120 789 3158 ex
801 3101 946 3158 ”coloniis
959 3115 990 3162 et
1002 3124 1063 3162 mu·
1119 3091 1120 3152 l

140 3198 263 3274 nicipiis,
273 3196 370 3255 ⁸¹domi
380 3196 502 3253 nobiles.
525 3195 619 3251 Erant
628 3205 779 3269 praeterea
789 3196 955 3267 complures
965 3198 1063 3273 paullo

138 3292 279 3351 occultius
293 3290 405 3348 consilii
418 3290 539 3364 hujusce
554 3288 710 3364 participes
723 3287 865 3355 ³mobiles,
880 3305 953 3361 quos
966 3292 1062 3369 magis

138 3385 340 3446 dominationis
360 3402 427 3458 spes
446 3384 621 3450 hortabatur,
644 3399 730 3460 quam
743 3379 850 3452 inopia,
873 3391 921 3438 aut
935 3384 997 3441 alia
1009 3403 1061 3443 ne·

11 3480 18 3509 ⁵
137 3479 292 3539 cessitudo.
335 3479 473 3536 Ceterum
484 3478 620 3551 juventus
633 3474 780 3548 pleraque,
794 3474 846 3530 sed
859 3492 1061 3538 mammona.

136 3572 245 3644 bilium,
270 3573 413 3631 Catilinae
431 3570 554 3648 inceptis
576 3568 702 3626 favebat.
745 3567 857 3633 Quibus
877 3567 908 3623 in
926 3567 987 3624 otio
1013 3570 1061 3629 vel
