<?xml version="1.0" encoding="UTF-8"?>
<!DOCTYPE html PUBLIC "-//W3C//DTD XHTML 1.0 Transitional//EN"
    "http://www.w3.org/TR/xhtml1/DTD/xhtml1-transitional.dtd">
<html xmlns="http://www.w3.org/1999/xhtml" xml:lang="en" lang="en">
 <head>
  <title>
</title>
<meta http-equiv="Content-Type" content="text/html;charset=utf-8" />
  <meta name='ocr-system' content='tesseract 3.04.00' />
  <meta name='ocr-capabilities' content='ocr_page ocr_carea ocr_par ocr_line ocrx_word'/>
</head>
<body>
  <div class='ocr_page' id='page_1' title='image "./ccrispisallusti01anthgoog_0033.png"; bbox 0 0 2259 4050; ppageno 0'>
   <div class='ocr_carea' id='block_1_1' title="bbox 392 290 1083 373">
    <p class='ocr_par' dir='ltr' id='par_1_1' title="bbox 392 290 1083 373">
     <span class='ocr_line' id='line_1_1' title="bbox 392 290 1083 373; baseline -0.003 -7"><span class='ocrx_word' id='word_1_1' title='bbox 392 307 552 366; x_wconf 72' lang='lat' dir='ltr'>smum</span> <span class='ocrx_word' id='word_1_2' title='bbox 573 302 740 364; x_wconf 73' lang='lat' dir='ltr'>Cariam.</span> <span class='ocrx_word' id='word_1_3' title='bbox 770 290 773 296; x_wconf 41' lang='lat'>¹</span> <span class='ocrx_word' id='word_1_4' title='bbox 982 305 1020 366; x_wconf 78' lang='lat'>1³</span> <span class='ocrx_word' id='word_1_5' title='bbox 1075 359 1083 373; x_wconf 69' lang='grc'>,</span> 
     </span>
    </p>
   </div>
   <div class='ocr_carea' id='block_1_2' title="bbox 4 462 1033 3575">
    <p class='ocr_par' dir='ltr' id='par_1_2' title="bbox 4 462 1031 3101">
     <span class='ocr_line' id='line_1_2' title="bbox 87 462 1019 549; baseline -0.01 -17"><span class='ocrx_word' id='word_1_6' title='bbox 87 471 140 544; x_wconf 81' lang='lat' dir='ltr'>tia,</span> <span class='ocrx_word' id='word_1_7' title='bbox 152 468 291 549; x_wconf 83' lang='lat' dir='ltr'>potentia,</span> <span class='ocrx_word' id='word_1_8' title='bbox 302 466 532 540; x_wconf 83' lang='lat' dir='ltr'>honos,·divitiae</span> <span class='ocrx_word' id='word_1_9' title='bbox 546 466 623 543; x_wconf 89' lang='lat' dir='ltr'>apud</span> <span class='ocrx_word' id='word_1_10' title='bbox 631 466 696 524; x_wconf 86' lang='lat' dir='ltr'>illos</span> <span class='ocrx_word' id='word_1_11' title='bbox 707 472 781 536; x_wconf 80' lang='lat' dir='ltr'>sunt,</span> <span class='ocrx_word' id='word_1_12' title='bbox 795 472 844 522; x_wconf 86' lang='lat' dir='ltr'>ant</span> <span class='ocrx_word' id='word_1_13' title='bbox 854 463 903 522; x_wconf 91' lang='lat' dir='ltr'>ubi</span> <span class='ocrx_word' id='word_1_14' title='bbox 915 462 957 522; x_wconf 93' lang='lat' dir='ltr'>illi</span> <span class='ocrx_word' id='word_1_15' title='bbox 970 482 1019 524; x_wconf 85' lang='lat' dir='ltr'>vo·</span> 
     </span>
     <span class='ocr_line' id='line_1_3' title="bbox 88 560 1020 640; baseline -0.011 -15"><span class='ocrx_word' id='word_1_16' title='bbox 88 568 168 625; x_wconf 85' lang='lat' dir='ltr'>lunt:</span> <span class='ocrx_word' id='word_1_17' title='bbox 190 565 333 640; x_wconf 84' lang='lat' dir='ltr'>¹repulsas</span> <span class='ocrx_word' id='word_1_18' title='bbox 347 564 430 624; x_wconf 87' lang='lat' dir='ltr'>nobis</span> <span class='ocrx_word' id='word_1_19' title='bbox 441 563 596 637; x_wconf 89' lang='lat' dir='ltr'>reliquere,</span> <span class='ocrx_word' id='word_1_20' title='bbox 610 562 752 637; x_wconf 85' lang='lat' dir='ltr'>pericula,</span> <span class='ocrx_word' id='word_1_21' title='bbox 771 560 892 635; x_wconf 73' lang='lat' dir='ltr'>judicia,</span> <span class='ocrx_word' id='word_1_22' title='bbox 906 568 1020 635; x_wconf 82' lang='lat' dir='ltr'>egesta·</span> 
     </span>
     <span class='ocr_line' id='line_1_4' title="bbox 90 652 1022 737; baseline -0.012 -17"><span class='ocrx_word' id='word_1_23' title='bbox 90 671 175 737; x_wconf 26' lang='lat' dir='ltr'>tem..</span> <span class='ocrx_word' id='word_1_24' title='bbox 206 659 290 725; x_wconf 85' lang='lat' dir='ltr'>Quae</span> <span class='ocrx_word' id='word_1_25' title='bbox 305 677 452 734; x_wconf 80' lang='lat' dir='ltr'>quousque</span> <span class='ocrx_word' id='word_1_26' title='bbox 463 659 581 714; x_wconf 86' lang='lat' dir='ltr'>tandem</span> <span class='ocrx_word' id='word_1_27' title='bbox 594 656 753 731; x_wconf 84' lang='lat' dir='ltr'>patiemini,</span> <span class='ocrx_word' id='word_1_28' title='bbox 777 653 933 713; x_wconf 84' lang='lat' dir='ltr'>fortissumi</span> <span class='ocrx_word' id='word_1_29' title='bbox 947 652 1022 710; x_wconf 87' lang='lat' dir='ltr'>viril</span> 
     </span>
     <span class='ocr_line' id='line_1_5' title="bbox 91 749 1023 828; baseline -0.01 -15"><span class='ocrx_word' id='word_1_30' title='bbox 91 755 201 813; x_wconf 80' lang='lat' dir='ltr'><strong>Nonne</strong></span> <span class='ocrx_word' id='word_1_31' title='bbox 214 753 316 810; x_wconf 71' lang='lat' dir='ltr'>&#39;emori</span> <span class='ocrx_word' id='word_1_32' title='bbox 331 771 384 828; x_wconf 88' lang='lat' dir='ltr'>per</span> <span class='ocrx_word' id='word_1_33' title='bbox 396 753 529 809; x_wconf 85' lang='lat' dir='ltr'>virtutem</span> <span class='ocrx_word' id='word_1_34' title='bbox 540 761 676 826; x_wconf 78' lang='lat' dir='ltr'>praestat,</span> <span class='ocrx_word' id='word_1_35' title='bbox 691 770 777 825; x_wconf 93' lang='lat' dir='ltr'>quam</span> <span class='ocrx_word' id='word_1_36' title='bbox 788 751 875 807; x_wconf 89' lang='lat' dir='ltr'>vitam</span> <span class='ocrx_word' id='word_1_37' title='bbox 885 749 1023 806; x_wconf 89' lang='lat' dir='ltr'>miseram</span> 
     </span>
     <span class='ocr_line' id='line_1_6' title="bbox 91 842 1024 924; baseline -0.009 -17"><span class='ocrx_word' id='word_1_38' title='bbox 91 859 179 924; x_wconf 85' lang='lat' dir='ltr'>atqua</span> <span class='ocrx_word' id='word_1_39' title='bbox 190 849 382 916; x_wconf 86' lang='lat' dir='ltr'>inhonestam,</span> <span class='ocrx_word' id='word_1_40' title='bbox 391 847 438 904; x_wconf 91' lang='lat' dir='ltr'>ubi</span> <span class='ocrx_word' id='word_1_41' title='bbox 446 847 559 903; x_wconf 88' lang='lat' dir='ltr'>alienae</span> <span class='ocrx_word' id='word_1_42' title='bbox 570 846 722 920; x_wconf 83' lang='lat' dir='ltr'>superbiae</span> <span class='ocrx_word' id='word_1_43' title='bbox 731 843 853 902; x_wconf 90' lang='lat' dir='ltr'>ludibrio</span> <span class='ocrx_word' id='word_1_44' title='bbox 861 842 960 912; x_wconf 82' lang='lat' dir='ltr'>fueris,</span> <span class='ocrx_word' id='word_1_45' title='bbox 971 859 1024 918; x_wconf 91' lang='lat' dir='ltr'>per</span> 
     </span>
     <span class='ocr_line' id='line_1_7' title="bbox 91 937 1023 1017; baseline -0.005 -16"><span class='ocrx_word' id='word_1_46' title='bbox 91 944 222 1002; x_wconf 86' lang='lat' dir='ltr'>dedecus</span> <span class='ocrx_word' id='word_1_47' title='bbox 232 943 381 999; x_wconf 68' lang='lat' dir='ltr'>amitteret</span> <span class='ocrx_word' id='word_1_48' title='bbox 401 941 521 999; x_wconf 75' lang='lat' dir='ltr'>³verum</span> <span class='ocrx_word' id='word_1_49' title='bbox 531 942 608 998; x_wconf 86' lang='lat' dir='ltr'>enim</span> <span class='ocrx_word' id='word_1_50' title='bbox 622 961 700 1011; x_wconf 88' lang='lat' dir='ltr'>vero,</span> <span class='ocrx_word' id='word_1_51' title='bbox 710 960 762 1017; x_wconf 88' lang='lat' dir='ltr'>pro</span> <span class='ocrx_word' id='word_1_52' title='bbox 776 942 862 998; x_wconf 90' lang='lat' dir='ltr'>deum</span> <span class='ocrx_word' id='word_1_53' title='bbox 876 947 962 1015; x_wconf 87' lang='lat' dir='ltr'>atque</span> <span class='ocrx_word' id='word_1_54' title='bbox 972 937 1023 996; x_wconf 92' lang='lat' dir='ltr'>ho·</span> 
     </span>
     <span class='ocr_line' id='line_1_8' title="bbox 93 1029 1022 1113; baseline -0.004 -19"><span class='ocrx_word' id='word_1_55' title='bbox 93 1038 205 1094; x_wconf 90' lang='lat' dir='ltr'>minum</span> <span class='ocrx_word' id='word_1_56' title='bbox 219 1037 321 1095; x_wconf 84' lang='lat' dir='ltr'>fidem!</span> <span class='ocrx_word' id='word_1_57' title='bbox 343 1037 464 1093; x_wconf 86' lang='lat' dir='ltr'>victoria</span> <span class='ocrx_word' id='word_1_58' title='bbox 474 1037 556 1093; x_wconf 90' lang='lat' dir='ltr'>nobis</span> <span class='ocrx_word' id='word_1_59' title='bbox 567 1037 597 1092; x_wconf 91' lang='lat' dir='ltr'>in</span> <span class='ocrx_word' id='word_1_60' title='bbox 611 1055 714 1094; x_wconf 87' lang='lat' dir='ltr'>manu:</span> <span class='ocrx_word' id='word_1_61' title='bbox 735 1037 825 1113; x_wconf 82' lang='lat' dir='ltr'>⁴viget</span> <span class='ocrx_word' id='word_1_62' title='bbox 849 1029 941 1104; x_wconf 81' lang='lat' dir='ltr'>aetas,</span> <span class='ocrx_word' id='word_1_63' title='bbox 963 1031 1022 1091; x_wconf 85' lang='lat' dir='ltr'>ani·</span> 
     </span>
     <span class='ocr_line' id='line_1_9' title="bbox 94 1123 1022 1205; baseline -0.003 -16"><span class='ocrx_word' id='word_1_64' title='bbox 94 1150 160 1189; x_wconf 88' lang='lat' dir='ltr'>mus</span> <span class='ocrx_word' id='word_1_65' title='bbox 173 1132 268 1189; x_wconf 82' lang='lat' dir='ltr'>valet:</span> <span class='ocrx_word' id='word_1_66' title='bbox 290 1140 390 1188; x_wconf 83' lang='lat' dir='ltr'>eontra</span> <span class='ocrx_word' id='word_1_67' title='bbox 404 1123 469 1200; x_wconf 84' lang='lat' dir='ltr'>illis,</span> <span class='ocrx_word' id='word_1_68' title='bbox 485 1131 570 1187; x_wconf 87' lang='lat' dir='ltr'>annis</span> <span class='ocrx_word' id='word_1_69' title='bbox 584 1140 669 1205; x_wconf 86' lang='lat' dir='ltr'>atque</span> <span class='ocrx_word' id='word_1_70' title='bbox 684 1130 797 1199; x_wconf 89' lang='lat' dir='ltr'>divitiis,</span> <span class='ocrx_word' id='word_1_71' title='bbox 812 1131 909 1188; x_wconf 90' lang='lat' dir='ltr'>omnia</span> <span class='ocrx_word' id='word_1_72' title='bbox 922 1147 1022 1186; x_wconf 88' lang='lat' dir='ltr'>conse-</span> 
     </span>
     <span class='ocr_line' id='line_1_10' title="bbox 97 1225 1025 1302; baseline -0.006 -18"><span class='ocrx_word' id='word_1_73' title='bbox 97 1235 233 1286; x_wconf 84' lang='lat' dir='ltr'>nuerunt.</span> <span class='ocrx_word' id='word_1_74' title='bbox 276 1226 403 1283; x_wconf 88' lang='lat' dir='ltr'>Tantum</span> <span class='ocrx_word' id='word_1_75' title='bbox 426 1225 511 1282; x_wconf 89' lang='lat' dir='ltr'>modo</span> <span class='ocrx_word' id='word_1_76' title='bbox 534 1225 651 1301; x_wconf 84' lang='lat' dir='ltr'>incepto</span> <span class='ocrx_word' id='word_1_77' title='bbox 678 1246 751 1302; x_wconf 92' lang='lat' dir='ltr'>opus</span> <span class='ocrx_word' id='word_1_78' title='bbox 769 1234 832 1282; x_wconf 86' lang='lat' dir='ltr'>est:</span> <span class='ocrx_word' id='word_1_79' title='bbox 854 1227 964 1280; x_wconf 82' lang='lat' dir='ltr'>⁵cetera</span> <span class='ocrx_word' id='word_1_80' title='bbox 977 1239 1025 1279; x_wconf 86' lang='lat' dir='ltr'>res</span> 
     </span>
     <span class='ocr_line' id='line_1_11' title="bbox 99 1316 1024 1397; baseline -0.005 -18"><span class='ocrx_word' id='word_1_81' title='bbox 99 1320 245 1397; x_wconf 78' lang='lat' dir='ltr'>expediet.</span> <span class='ocrx_word' id='word_1_82' title='bbox 269 1320 386 1378; x_wconf 85' lang='lat' dir='ltr'>Etenim</span> <span class='ocrx_word' id='word_1_83' title='bbox 400 1321 462 1394; x_wconf 86' lang='lat' dir='ltr'>quis</span> <span class='ocrx_word' id='word_1_84' title='bbox 477 1316 639 1377; x_wconf 83' lang='lat' dir='ltr'>mortalium</span> <span class='ocrx_word' id='word_1_85' title='bbox 654 1321 700 1378; x_wconf 89' lang='lat' dir='ltr'>cui</span> <span class='ocrx_word' id='word_1_86' title='bbox 715 1321 797 1378; x_wconf 89' lang='lat' dir='ltr'>virile</span> <span class='ocrx_word' id='word_1_87' title='bbox 811 1317 969 1396; x_wconf 85' lang='lat' dir='ltr'>ingenium,</span> <span class='ocrx_word' id='word_1_88' title='bbox 982 1326 1024 1376; x_wconf 88' lang='lat' dir='ltr'>to-</span> 
     </span>
     <span class='ocr_line' id='line_1_12' title="bbox 96 1411 1031 1493; baseline -0.004 -21"><span class='ocrx_word' id='word_1_89' title='bbox 96 1417 193 1474; x_wconf 86' lang='lat' dir='ltr'>lerare</span> <span class='ocrx_word' id='word_1_90' title='bbox 218 1424 322 1490; x_wconf 84' lang='lat' dir='ltr'>potest,</span> <span class='ocrx_word' id='word_1_91' title='bbox 343 1415 399 1472; x_wconf 91' lang='lat' dir='ltr'>illis</span> <span class='ocrx_word' id='word_1_92' title='bbox 424 1413 536 1471; x_wconf 86' lang='lat' dir='ltr'>divitias</span> <span class='ocrx_word' id='word_1_93' title='bbox 550 1435 699 1490; x_wconf 86' lang='lat' dir='ltr'>superare,</span> <span class='ocrx_word' id='word_1_94' title='bbox 724 1436 796 1491; x_wconf 89' lang='lat' dir='ltr'>quas</span> <span class='ocrx_word' id='word_1_95' title='bbox 809 1413 982 1492; x_wconf 85' lang='lat' dir='ltr'>profundant</span> <span class='ocrx_word' id='word_1_96' title='bbox 995 1411 1031 1493; x_wconf 54' lang='lat' dir='ltr'>in⁸</span> 
     </span>
     <span class='ocr_line' id='line_1_13' title="bbox 95 1505 1025 1585; baseline -0.008 -17"><span class='ocrx_word' id='word_1_97' title='bbox 95 1511 256 1568; x_wconf 86' lang='lat' dir='ltr'>extruendo</span> <span class='ocrx_word' id='word_1_98' title='bbox 266 1511 339 1567; x_wconf 85' lang='lat' dir='ltr'>mari</span> <span class='ocrx_word' id='word_1_99' title='bbox 350 1519 379 1567; x_wconf 88' lang='lat' dir='ltr'>et</span> <span class='ocrx_word' id='word_1_100' title='bbox 388 1509 530 1578; x_wconf 77' lang='lat' dir='ltr'>montibus</span> <span class='ocrx_word' id='word_1_101' title='bbox 545 1511 756 1585; x_wconf 82' lang='lat' dir='ltr'>coaequandis3</span> <span class='ocrx_word' id='word_1_102' title='bbox 777 1510 860 1568; x_wconf 88' lang='lat' dir='ltr'>nobis</span> <span class='ocrx_word' id='word_1_103' title='bbox 871 1526 934 1564; x_wconf 91' lang='lat' dir='ltr'>rem</span> <span class='ocrx_word' id='word_1_104' title='bbox 944 1505 1025 1562; x_wconf 90' lang='lat' dir='ltr'>sami-</span> 
     </span>
     <span class='ocr_line' id='line_1_14' title="bbox 5 1603 1026 1688; baseline -0.007 -26"><span class='ocrx_word' id='word_1_105' title='bbox 5 1685 6 1688; x_wconf 8' lang='lat'>¹</span> <span class='ocrx_word' id='word_1_106' title='bbox 96 1606 198 1663; x_wconf 86' lang='lat' dir='ltr'>harem</span> <span class='ocrx_word' id='word_1_107' title='bbox 213 1605 301 1662; x_wconf 86' lang='lat' dir='ltr'>etiam</span> <span class='ocrx_word' id='word_1_108' title='bbox 316 1606 353 1662; x_wconf 88' lang='lat' dir='ltr'>ad</span> <span class='ocrx_word' id='word_1_109' title='bbox 367 1603 535 1662; x_wconf 83' lang='lat' dir='ltr'>necessaria</span> <span class='ocrx_word' id='word_1_110' title='bbox 549 1605 675 1662; x_wconf 83' lang='lat' dir='ltr'>deessel</span> <span class='ocrx_word' id='word_1_111' title='bbox 700 1605 775 1661; x_wconf 73' lang='lat' dir='ltr'>fiillos</span> <span class='ocrx_word' id='word_1_112' title='bbox 788 1604 882 1671; x_wconf 88' lang='lat' dir='ltr'>binas,</span> <span class='ocrx_word' id='word_1_113' title='bbox 907 1609 956 1658; x_wconf 85' lang='lat' dir='ltr'>aut</span> <span class='ocrx_word' id='word_1_114' title='bbox 966 1619 1026 1656; x_wconf 88' lang='lat' dir='ltr'>am·</span> 
     </span>
     <span class='ocr_line' id='line_1_15' title="bbox 99 1698 1026 1775; baseline -0.005 -19"><span class='ocrx_word' id='word_1_115' title='bbox 99 1699 184 1775; x_wconf 86' lang='lat' dir='ltr'>plius,</span> <span class='ocrx_word' id='word_1_116' title='bbox 209 1700 309 1758; x_wconf 84' lang='lat' dir='ltr'>domos</span> <span class='ocrx_word' id='word_1_117' title='bbox 333 1701 522 1773; x_wconf 84' lang='lat' dir='ltr'>continuare3</span> <span class='ocrx_word' id='word_1_118' title='bbox 543 1703 638 1759; x_wconf 86' lang='lat' dir='ltr'>¹nobis</span> <span class='ocrx_word' id='word_1_119' title='bbox 656 1701 759 1758; x_wconf 82' lang='lat' dir='ltr'>⁷larem</span> <span class='ocrx_word' id='word_1_120' title='bbox 773 1698 946 1756; x_wconf 80' lang='lat' dir='ltr'>familiarem</span> <span class='ocrx_word' id='word_1_121' title='bbox 960 1714 1026 1753; x_wconf 88' lang='lat' dir='ltr'>nus-</span> 
     </span>
     <span class='ocr_line' id='line_1_16' title="bbox 5 1791 1025 1873; baseline 0.001 -24"><span class='ocrx_word' id='word_1_122' title='bbox 5 1791 7 1826; x_wconf 49' lang='grc' dir='ltr'>ἶ</span> <span class='ocrx_word' id='word_1_123' title='bbox 98 1812 186 1868; x_wconf 85' lang='lat' dir='ltr'>quam</span> <span class='ocrx_word' id='word_1_124' title='bbox 197 1795 286 1852; x_wconf 91' lang='lat' dir='ltr'>ullum</span> <span class='ocrx_word' id='word_1_125' title='bbox 296 1796 383 1852; x_wconf 72' lang='lat' dir='ltr'>esse?</span> <span class='ocrx_word' id='word_1_126' title='bbox 404 1796 615 1866; x_wconf 79' lang='lat' dir='ltr'>Cum&#39;tabulas,</span> <span class='ocrx_word' id='word_1_127' title='bbox 625 1797 718 1873; x_wconf 83' lang='lat' dir='ltr'>signa,</span> <span class='ocrx_word' id='word_1_128' title='bbox 728 1797 901 1853; x_wconf 76' lang='lat' dir='ltr'>⁸toreumata</span> <span class='ocrx_word' id='word_1_129' title='bbox 912 1803 1025 1862; x_wconf 85' lang='lat' dir='ltr'>emunt;</span> 
     </span>
     <span class='ocr_line' id='line_1_17' title="bbox 5 1871 1027 1967; baseline -0.001 -22"><span class='ocrx_word' id='word_1_130' title='bbox 5 1871 7 1940; x_wconf 58' lang='lat' dir='ltr'>i</span> <span class='ocrx_word' id='word_1_131' title='bbox 97 1887 185 1946; x_wconf 74' lang='lat' dir='ltr'>⁰nova</span> <span class='ocrx_word' id='word_1_132' title='bbox 196 1889 322 1959; x_wconf 87' lang='lat' dir='ltr'>diruunt,</span> <span class='ocrx_word' id='word_1_133' title='bbox 331 1891 389 1947; x_wconf 86' lang='lat' dir='ltr'>alia</span> <span class='ocrx_word' id='word_1_134' title='bbox 400 1891 564 1962; x_wconf 86' lang='lat' dir='ltr'>aedificant,</span> <span class='ocrx_word' id='word_1_135' title='bbox 576 1903 721 1967; x_wconf 88' lang='lat' dir='ltr'>postremo</span> <span class='ocrx_word' id='word_1_136' title='bbox 732 1892 864 1949; x_wconf 89' lang='lat' dir='ltr'>omnibus</span> <span class='ocrx_word' id='word_1_137' title='bbox 875 1890 967 1946; x_wconf 88' lang='lat' dir='ltr'>modis</span> <span class='ocrx_word' id='word_1_138' title='bbox 978 1907 1027 1963; x_wconf 85' lang='lat' dir='ltr'>pe·</span> 
     </span>
     <span class='ocr_line' id='line_1_18' title="bbox 97 1973 1027 2055; baseline -0.001 -14"><span class='ocrx_word' id='word_1_139' title='bbox 97 1983 216 2045; x_wconf 79' lang='lat' dir='ltr'>cuniam</span> <span class='ocrx_word' id='word_1_140' title='bbox 225 1983 371 2055; x_wconf 75' lang='lat' dir='ltr'>¹⁰trahunt,</span> <span class='ocrx_word' id='word_1_141' title='bbox 383 1973 503 2045; x_wconf 67' lang='lat' dir='ltr'>verrant:</span> <span class='ocrx_word' id='word_1_142' title='bbox 524 1997 623 2045; x_wconf 87' lang='lat' dir='ltr'>tamen</span> <span class='ocrx_word' id='word_1_143' title='bbox 633 1987 767 2044; x_wconf 80' lang='lat' dir='ltr'>usumma</span> <span class='ocrx_word' id='word_1_144' title='bbox 776 1986 903 2045; x_wconf 89' lang='lat' dir='ltr'>lubidine</span> <span class='ocrx_word' id='word_1_145' title='bbox 914 1983 1027 2042; x_wconf 88' lang='lat' dir='ltr'>divitias</span> 
     </span>
     <span class='ocr_line' id='line_1_19' title="bbox 4 2078 1027 2155; baseline 0.002 -20"><span class='ocrx_word' id='word_1_146' title='bbox 4 2120 5 2129; x_wconf 30' lang='lat' dir='ltr'>l</span> <span class='ocrx_word' id='word_1_147' title='bbox 99 2078 218 2137; x_wconf 85' lang='lat' dir='ltr'>vincere</span> <span class='ocrx_word' id='word_1_148' title='bbox 232 2090 388 2155; x_wconf 86' lang='lat' dir='ltr'>nequeunt.</span> <span class='ocrx_word' id='word_1_149' title='bbox 429 2084 469 2139; x_wconf 83' lang='lat' dir='ltr'>At</span> <span class='ocrx_word' id='word_1_150' title='bbox 482 2082 564 2139; x_wconf 89' lang='lat' dir='ltr'>nobis</span> <span class='ocrx_word' id='word_1_151' title='bbox 587 2082 662 2138; x_wconf 92' lang='lat' dir='ltr'>domi</span> <span class='ocrx_word' id='word_1_152' title='bbox 677 2082 783 2155; x_wconf 90' lang='lat' dir='ltr'>inopia,</span> <span class='ocrx_word' id='word_1_153' title='bbox 806 2080 877 2138; x_wconf 86' lang='lat' dir='ltr'>soris</span> <span class='ocrx_word' id='word_1_154' title='bbox 892 2098 943 2136; x_wconf 88' lang='lat' dir='ltr'>aes</span> <span class='ocrx_word' id='word_1_155' title='bbox 957 2079 1027 2137; x_wconf 89' lang='lat' dir='ltr'>alie-</span> 
     </span>
     <span class='ocr_line' id='line_1_20' title="bbox 98 2174 1028 2251; baseline -0.001 -20"><span class='ocrx_word' id='word_1_156' title='bbox 98 2192 170 2231; x_wconf 88' lang='lat' dir='ltr'>num</span> <span class='ocrx_word' id='word_1_157' title='bbox 184 2195 198 2244; x_wconf 65' lang='lat'>;⁴</span> <span class='ocrx_word' id='word_1_158' title='bbox 223 2174 321 2233; x_wconf 74' lang='lat' dir='ltr'>1²mala</span> <span class='ocrx_word' id='word_1_159' title='bbox 343 2194 400 2245; x_wconf 87' lang='lat' dir='ltr'>res,</span> <span class='ocrx_word' id='word_1_160' title='bbox 429 2195 496 2251; x_wconf 86' lang='lat' dir='ltr'>spes</span> <span class='ocrx_word' id='word_1_161' title='bbox 522 2177 612 2233; x_wconf 88' lang='lat' dir='ltr'>multo</span> <span class='ocrx_word' id='word_1_162' title='bbox 639 2175 791 2250; x_wconf 85' lang='lat' dir='ltr'>asperior:</span> <span class='ocrx_word' id='word_1_163' title='bbox 813 2174 947 2249; x_wconf 90' lang='lat' dir='ltr'>denique,</span> <span class='ocrx_word' id='word_1_164' title='bbox 961 2174 1028 2249; x_wconf 91' lang='lat' dir='ltr'>qnid</span> 
     </span>
     <span class='ocr_line' id='line_1_21' title="bbox 98 2267 1029 2346; baseline -0.001 -21"><span class='ocrx_word' id='word_1_165' title='bbox 98 2268 203 2343; x_wconf 87' lang='lat' dir='ltr'>reliqui</span> <span class='ocrx_word' id='word_1_166' title='bbox 216 2269 365 2339; x_wconf 72' lang='lat' dir='ltr'>habemus,</span> <span class='ocrx_word' id='word_1_167' title='bbox 380 2270 646 2346; x_wconf 84' lang='lat' dir='ltr'>praetermiseram</span> <span class='ocrx_word' id='word_1_168' title='bbox 656 2271 784 2328; x_wconf 88' lang='lat' dir='ltr'>animam</span> <span class='ocrx_word' id='word_1_169' title='bbox 798 2272 809 2328; x_wconf 87' lang='lat' dir='ltr'>l</span> <span class='ocrx_word' id='word_1_170' title='bbox 850 2267 929 2336; x_wconf 82' lang='lat' dir='ltr'>Quin</span> <span class='ocrx_word' id='word_1_171' title='bbox 942 2269 1029 2345; x_wconf 84' lang='lat' dir='ltr'>igitur</span> 
     </span>
     <span class='ocr_line' id='line_1_22' title="bbox 99 2362 1028 2442; baseline -0.001 -22"><span class='ocrx_word' id='word_1_172' title='bbox 99 2362 357 2440; x_wconf 80' lang='lat' dir='ltr'>expergisciminil</span> <span class='ocrx_word' id='word_1_173' title='bbox 377 2364 425 2421; x_wconf 88' lang='lat' dir='ltr'>En</span> <span class='ocrx_word' id='word_1_174' title='bbox 436 2364 495 2435; x_wconf 91' lang='lat' dir='ltr'>illa,</span> <span class='ocrx_word' id='word_1_175' title='bbox 506 2366 650 2439; x_wconf 90' lang='lat' dir='ltr'>illaquam</span> <span class='ocrx_word' id='word_1_176' title='bbox 661 2385 751 2442; x_wconf 85' lang='lat' dir='ltr'>saepe</span> <span class='ocrx_word' id='word_1_177' title='bbox 760 2365 888 2442; x_wconf 83' lang='lat' dir='ltr'>optastis,</span> <span class='ocrx_word' id='word_1_178' title='bbox 899 2364 1028 2430; x_wconf 85' lang='lat' dir='ltr'>libertas,</span> 
     </span>
     <span class='ocr_line' id='line_1_23' title="bbox 4 2452 1027 2535; baseline -0.004 -18"><span class='ocrx_word' id='word_1_179' title='bbox 4 2452 5 2473; x_wconf 61' lang='lat'>³</span> <span class='ocrx_word' id='word_1_180' title='bbox 100 2466 257 2534; x_wconf 78' lang='lat' dir='ltr'>praeterea</span> <span class='ocrx_word' id='word_1_181' title='bbox 269 2458 395 2528; x_wconf 81' lang='lat' dir='ltr'>divitiae,</span> <span class='ocrx_word' id='word_1_182' title='bbox 410 2459 510 2527; x_wconf 86' lang='lat' dir='ltr'>decus,</span> <span class='ocrx_word' id='word_1_183' title='bbox 524 2459 628 2535; x_wconf 83' lang='lat' dir='ltr'>gloria,</span> <span class='ocrx_word' id='word_1_184' title='bbox 644 2459 673 2516; x_wconf 91' lang='lat' dir='ltr'>in</span> <span class='ocrx_word' id='word_1_185' title='bbox 687 2462 780 2517; x_wconf 88' lang='lat' dir='ltr'>oculis</span> <span class='ocrx_word' id='word_1_186' title='bbox 794 2461 849 2517; x_wconf 87' lang='lat' dir='ltr'>sita</span> <span class='ocrx_word' id='word_1_187' title='bbox 862 2468 928 2515; x_wconf 88' lang='lat' dir='ltr'>sunt</span> <span class='ocrx_word' id='word_1_188' title='bbox 943 2461 950 2517; x_wconf 90' lang='lat'>!</span> <span class='ocrx_word' id='word_1_189' title='bbox 972 2457 1027 2515; x_wconf 84' lang='lat' dir='ltr'>sor-</span> 
     </span>
     <span class='ocr_line' id='line_1_24' title="bbox 101 2550 1028 2628; baseline -0.004 -18"><span class='ocrx_word' id='word_1_190' title='bbox 101 2561 173 2610; x_wconf 89' lang='lat' dir='ltr'>tuna</span> <span class='ocrx_word' id='word_1_191' title='bbox 186 2550 285 2609; x_wconf 87' lang='lat' dir='ltr'>onmia</span> <span class='ocrx_word' id='word_1_192' title='bbox 297 2552 453 2611; x_wconf 80' lang='lat' dir='ltr'>victoribus</span> <span class='ocrx_word' id='word_1_193' title='bbox 466 2553 597 2628; x_wconf 88' lang='lat' dir='ltr'>praemia</span> <span class='ocrx_word' id='word_1_194' title='bbox 609 2554 714 2627; x_wconf 78' lang='lat' dir='ltr'>posuit.</span> <span class='ocrx_word' id='word_1_195' title='bbox 756 2554 827 2621; x_wconf 88' lang='lat' dir='ltr'>Res,</span> <span class='ocrx_word' id='word_1_196' title='bbox 840 2561 964 2626; x_wconf 88' lang='lat' dir='ltr'>tempus,</span> <span class='ocrx_word' id='word_1_197' title='bbox 978 2570 1028 2626; x_wconf 86' lang='lat' dir='ltr'>pe-</span> 
     </span>
     <span class='ocr_line' id='line_1_25' title="bbox 101 2645 1028 2723; baseline -0.003 -19"><span class='ocrx_word' id='word_1_198' title='bbox 101 2646 205 2716; x_wconf 81' lang='lat' dir='ltr'>ricula,</span> <span class='ocrx_word' id='word_1_199' title='bbox 220 2656 345 2723; x_wconf 82' lang='lat' dir='ltr'>egestas,</span> <span class='ocrx_word' id='word_1_200' title='bbox 359 2647 428 2704; x_wconf 92' lang='lat' dir='ltr'>belli</span> <span class='ocrx_word' id='word_1_201' title='bbox 442 2647 535 2722; x_wconf 83' lang='lat' dir='ltr'>spolia</span> <span class='ocrx_word' id='word_1_202' title='bbox 548 2645 707 2723; x_wconf 83' lang='lat' dir='ltr'>magnifica</span> <span class='ocrx_word' id='word_1_203' title='bbox 716 2645 820 2721; x_wconf 85' lang='lat' dir='ltr'>magis,</span> <span class='ocrx_word' id='word_1_204' title='bbox 832 2661 918 2718; x_wconf 90' lang='lat' dir='ltr'>quam</span> <span class='ocrx_word' id='word_1_205' title='bbox 928 2645 1028 2712; x_wconf 88' lang='lat' dir='ltr'>oratio,</span> 
     </span>
     <span class='ocr_line' id='line_1_26' title="bbox 4 2726 1029 2817; baseline -0.004 -17"><span class='ocrx_word' id='word_1_206' title='bbox 4 2726 6 2733; x_wconf 42' lang='lat'><strong>¹</strong></span> <span class='ocrx_word' id='word_1_207' title='bbox 101 2732 260 2800; x_wconf 75' lang='lat' dir='ltr'>hortentur.</span> <span class='ocrx_word' id='word_1_208' title='bbox 290 2741 347 2799; x_wconf 87' lang='lat' dir='ltr'>Vel</span> <span class='ocrx_word' id='word_1_209' title='bbox 360 2740 542 2817; x_wconf 87' lang='lat' dir='ltr'>imperatore,</span> <span class='ocrx_word' id='word_1_210' title='bbox 558 2742 605 2799; x_wconf 88' lang='lat' dir='ltr'>vel</span> <span class='ocrx_word' id='word_1_211' title='bbox 618 2740 708 2797; x_wconf 85' lang='lat' dir='ltr'>milite</span> <span class='ocrx_word' id='word_1_212' title='bbox 721 2759 768 2797; x_wconf 91' lang='lat' dir='ltr'>me</span> <span class='ocrx_word' id='word_1_213' title='bbox 782 2736 913 2796; x_wconf 89' lang='lat' dir='ltr'>utimini:</span> <span class='ocrx_word' id='word_1_214' title='bbox 934 2756 1029 2813; x_wconf 88' lang='lat' dir='ltr'>neque</span> 
     </span>
     <span class='ocr_line' id='line_1_27' title="bbox 104 2835 1029 2911; baseline -0.001 -18"><span class='ocrx_word' id='word_1_215' title='bbox 104 2835 227 2905; x_wconf 79' lang='lat' dir='ltr'>animm,</span> <span class='ocrx_word' id='word_1_216' title='bbox 242 2854 337 2911; x_wconf 87' lang='lat' dir='ltr'>neque</span> <span class='ocrx_word' id='word_1_217' title='bbox 352 2854 458 2911; x_wconf 88' lang='lat' dir='ltr'>eorpus</span> <span class='ocrx_word' id='word_1_218' title='bbox 473 2856 491 2893; x_wconf 89' lang='lat' dir='ltr'>a</span> <span class='ocrx_word' id='word_1_219' title='bbox 504 2836 586 2893; x_wconf 84' lang='lat' dir='ltr'>vobis</span> <span class='ocrx_word' id='word_1_220' title='bbox 601 2835 703 2893; x_wconf 85' lang='lat' dir='ltr'>aberit.</span> <span class='ocrx_word' id='word_1_221' title='bbox 745 2835 832 2893; x_wconf 85' lang='lat' dir='ltr'>Haeo</span> <span class='ocrx_word' id='word_1_222' title='bbox 841 2835 914 2911; x_wconf 88' lang='lat' dir='ltr'>ipsa,</span> <span class='ocrx_word' id='word_1_223' title='bbox 923 2844 954 2893; x_wconf 88' lang='lat' dir='ltr'>ut</span> <span class='ocrx_word' id='word_1_224' title='bbox 965 2854 1029 2911; x_wconf 89' lang='lat' dir='ltr'>spe-</span> 
     </span>
     <span class='ocr_line' id='line_1_28' title="bbox 102 2930 1031 3008; baseline 0.001 -20"><span class='ocrx_word' id='word_1_225' title='bbox 102 2948 146 3000; x_wconf 92' lang='lat' dir='ltr'>ro,</span> <span class='ocrx_word' id='word_1_226' title='bbox 161 2930 310 2989; x_wconf 84' lang='lat' dir='ltr'>vobiscum</span> <span class='ocrx_word' id='word_1_227' title='bbox 325 2931 426 2987; x_wconf 85' lang='lat' dir='ltr'>consul</span> <span class='ocrx_word' id='word_1_228' title='bbox 436 2948 538 3008; x_wconf 84' lang='lat' dir='ltr'>agam3</span> <span class='ocrx_word' id='word_1_229' title='bbox 560 2931 617 2988; x_wconf 88' lang='lat' dir='ltr'>nisi</span> <span class='ocrx_word' id='word_1_230' title='bbox 630 2930 704 2988; x_wconf 83' lang='lat' dir='ltr'>sorte</span> <span class='ocrx_word' id='word_1_231' title='bbox 715 2930 829 2987; x_wconf 88' lang='lat' dir='ltr'>animus</span> <span class='ocrx_word' id='word_1_232' title='bbox 842 2930 924 3001; x_wconf 87' lang='lat' dir='ltr'>sallit,</span> <span class='ocrx_word' id='word_1_233' title='bbox 939 2941 969 2989; x_wconf 88' lang='lat' dir='ltr'>et</span> <span class='ocrx_word' id='word_1_234' title='bbox 978 2946 1031 2989; x_wconf 79' lang='lat' dir='ltr'>vos</span> 
     </span>
     <span class='ocr_line' id='line_1_29' title="bbox 103 3024 712 3101; baseline -0.003 -18"><span class='ocrx_word' id='word_1_235' title='bbox 103 3025 224 3095; x_wconf 68' lang='lat' dir='ltr'>serane,</span> <span class='ocrx_word' id='word_1_236' title='bbox 237 3043 325 3099; x_wconf 86' lang='lat' dir='ltr'>quam</span> <span class='ocrx_word' id='word_1_237' title='bbox 333 3024 488 3101; x_wconf 85' lang='lat' dir='ltr'>imperare,</span> <span class='ocrx_word' id='word_1_238' title='bbox 502 3025 596 3100; x_wconf 87' lang='lat' dir='ltr'>parati</span> <span class='ocrx_word' id='word_1_239' title='bbox 610 3025 712 3083; x_wconf 84' lang='lat' dir='ltr'>estis.”</span> 
     </span>
    </p>

    <p class='ocr_par' dir='ltr' id='par_1_3' title="bbox 76 3118 1033 3575">
     <span class='ocr_line' id='line_1_30' title="bbox 76 3118 1033 3207; baseline 0.003 -29"><span class='ocrx_word' id='word_1_240' title='bbox 76 3134 108 3159; x_wconf 50' lang='grc' dir='ltr'>ν’</span> <span class='ocrx_word' id='word_1_241' title='bbox 144 3118 224 3179; x_wconf 84' lang='lat' dir='ltr'>XXI.</span> <span class='ocrx_word' id='word_1_242' title='bbox 253 3118 420 3181; x_wconf 78' lang='lat' dir='ltr'>Posronnr</span> <span class='ocrx_word' id='word_1_243' title='bbox 444 3137 589 3196; x_wconf 82' lang='lat' dir='ltr'>accepere</span> <span class='ocrx_word' id='word_1_244' title='bbox 611 3121 804 3193; x_wconf 85' lang='lat' dir='ltr'>eahominea,</span> <span class='ocrx_word' id='word_1_245' title='bbox 817 3122 941 3207; x_wconf 69' lang='lat' dir='ltr'>¹&#39;quibus</span> <span class='ocrx_word' id='word_1_246' title='bbox 955 3125 1033 3183; x_wconf 87' lang='lat' dir='ltr'>mala</span> 
     </span>
     <span class='ocr_line' id='line_1_31' title="bbox 104 3212 1031 3297; baseline 0.006 -26"><span class='ocrx_word' id='word_1_247' title='bbox 104 3213 219 3273; x_wconf 82' lang='lat' dir='ltr'>abunda</span> <span class='ocrx_word' id='word_1_248' title='bbox 230 3212 328 3271; x_wconf 88' lang='lat' dir='ltr'>omnia</span> <span class='ocrx_word' id='word_1_249' title='bbox 338 3223 431 3297; x_wconf 84' lang='lat' dir='ltr'>erant,</span> <span class='ocrx_word' id='word_1_250' title='bbox 442 3214 494 3271; x_wconf 85' lang='lat' dir='ltr'>sed</span> <span class='ocrx_word' id='word_1_251' title='bbox 504 3232 599 3289; x_wconf 85' lang='lat' dir='ltr'>neque</span> <span class='ocrx_word' id='word_1_252' title='bbox 610 3233 668 3284; x_wconf 86' lang='lat' dir='ltr'>res,</span> <span class='ocrx_word' id='word_1_253' title='bbox 682 3235 776 3291; x_wconf 90' lang='lat' dir='ltr'>neque</span> <span class='ocrx_word' id='word_1_254' title='bbox 788 3231 856 3292; x_wconf 81' lang='lat' dir='ltr'>¹spes</span> <span class='ocrx_word' id='word_1_255' title='bbox 867 3220 945 3277; x_wconf 89' lang='lat' dir='ltr'>bona</span> <span class='ocrx_word' id='word_1_256' title='bbox 954 3219 1031 3287; x_wconf 82' lang='lat' dir='ltr'>nlla3</span> 
     </span>
     <span class='ocr_line' id='line_1_32' title="bbox 104 3306 1032 3387; baseline 0.002 -20"><span class='ocrx_word' id='word_1_257' title='bbox 104 3318 203 3367; x_wconf 83' lang='lat' dir='ltr'>tamen</span> <span class='ocrx_word' id='word_1_258' title='bbox 217 3306 273 3367; x_wconf 82' lang='lat' dir='ltr'>etei</span> <span class='ocrx_word' id='word_1_259' title='bbox 286 3307 344 3365; x_wconf 86' lang='lat' dir='ltr'>illis</span> <span class='ocrx_word' id='word_1_260' title='bbox 356 3307 475 3383; x_wconf 78' lang='lat' dir='ltr'>“quieta</span> <span class='ocrx_word' id='word_1_261' title='bbox 485 3328 613 3378; x_wconf 91' lang='lat' dir='ltr'>movere,</span> <span class='ocrx_word' id='word_1_262' title='bbox 627 3329 736 3387; x_wconf 85' lang='lat' dir='ltr'>magna</span> <span class='ocrx_word' id='word_1_263' title='bbox 746 3330 863 3373; x_wconf 83' lang='lat' dir='ltr'>meroes</span> <span class='ocrx_word' id='word_1_264' title='bbox 872 3313 1032 3380; x_wconf 83' lang='lat' dir='ltr'>videbatur,</span> 
     </span>
     <span class='ocr_line' id='line_1_33' title="bbox 104 3402 1033 3482; baseline 0.002 -19"><span class='ocrx_word' id='word_1_265' title='bbox 104 3412 206 3463; x_wconf 67' lang='lat' dir='ltr'>umen</span> <span class='ocrx_word' id='word_1_266' title='bbox 215 3402 363 3478; x_wconf 84' lang='lat' dir='ltr'>postulare</span> <span class='ocrx_word' id='word_1_267' title='bbox 377 3402 517 3477; x_wconf 87' lang='lat' dir='ltr'>plerique,</span> <span class='ocrx_word' id='word_1_268' title='bbox 531 3404 573 3460; x_wconf 87' lang='lat' dir='ltr'>uti</span> <span class='ocrx_word' id='word_1_269' title='bbox 594 3415 777 3479; x_wconf 88' lang='lat' dir='ltr'>proponeret,</span> <span class='ocrx_word' id='word_1_270' title='bbox 797 3407 893 3482; x_wconf 73' lang='lat' dir='ltr'>1⁸qnae</span> <span class='ocrx_word' id='word_1_271' title='bbox 907 3405 1033 3465; x_wconf 84' lang='lat' dir='ltr'>conditio</span> 
     </span>
     <span class='ocr_line' id='line_1_34' title="bbox 105 3496 1033 3575; baseline -0.003 -18"><span class='ocrx_word' id='word_1_272' title='bbox 105 3498 175 3557; x_wconf 85' lang='lat' dir='ltr'>belli</span> <span class='ocrx_word' id='word_1_273' title='bbox 188 3496 288 3567; x_wconf 79' lang='lat' dir='ltr'>soret3</span> <span class='ocrx_word' id='word_1_274' title='bbox 319 3514 394 3571; x_wconf 87' lang='lat' dir='ltr'>quae</span> <span class='ocrx_word' id='word_1_275' title='bbox 420 3496 551 3573; x_wconf 79' lang='lat' dir='ltr'>praemia</span> <span class='ocrx_word' id='word_1_276' title='bbox 578 3498 666 3555; x_wconf 84' lang='lat' dir='ltr'>armis</span> <span class='ocrx_word' id='word_1_277' title='bbox 690 3508 846 3574; x_wconf 80' lang='lat' dir='ltr'>peterent3</span> <span class='ocrx_word' id='word_1_278' title='bbox 869 3498 957 3575; x_wconf 71' lang='lat' dir='ltr'>¹⁶quill</span> <span class='ocrx_word' id='word_1_279' title='bbox 971 3501 1033 3561; x_wconf 80' lang='lat' dir='ltr'>ubi.</span> 
     </span>
    </p>
   </div>
   <div class='ocr_carea' id='block_1_3' title="bbox 0 0 1155 4050">
    <p class='ocr_par' dir='ltr' id='par_1_4' title="bbox 0 0 1155 4050">
     <span class='ocr_line' id='line_1_35' title="bbox 0 0 1155 4050; baseline 0 0"><span class='ocrx_word' id='word_1_280' title='bbox 0 0 1155 4050; x_wconf 95' lang='lat' dir='ltr'> </span> 
     </span>
    </p>
   </div>
  </div>
 </body>
</html>
